2492 4100
234 320 328 387 *3⁴⁶
530 296 899 374 “CARMEN,

261 452 311 523 At
334 450 462 521 voluisse
484 468 530 518 sat
552 469 620 519 est:
638 452 797 535 animum,
819 476 883 522 nou
905 457 1041 522 carmina
1061 458 1145 539 jaflo.

261 569 316 637 Tu
338 569 430 636 modo
453 570 544 634 laotos
564 568 657 651 aaa,
679 566 780 636 forsan
802 570 930 639 moiiora
952 596 1108 641 canemus.
1149 576 1152 584 “

261 688 304 755 Et
328 688 407 753 vires
426 684 512 750 dabit
533 685 597 774 ipse
618 680 725 767 favor,
747 684 833 751 dabit
856 688 921 776 ipsa
936 686 1069 756 feracem

260 803 339 894 Spes
361 801 511 868 animum:
536 801 666 893 dignare
686 799 900 891 tuos'aperire
921 803 1068 872 Penates.

259 920 337 986 Hoc
360 920 459 983 solum
481 918 634 1007 petimus:
657 939 715 983 nec
737 918 820 983 enim
841 939 893 984 me
914 921 1019 987 divitis
1039 925 1103 989 auri

258 1036 428 1125 Imperiosa
449 1031 563 1115 fames,
586 1032 620 1100 ἃ
643 1032 772 1099 habendi
794 1055 874 1101 saeva
896 1036 990 1103 libido

257 1151 466 1241 Impulerant,
490 1149 541 1214 sed
557 1150 654 1216 laudis
667 1171 771 1215 amor:
795 1153 900 1233 juvat,
922 1154 1062 1243 optime,
1078 1173 1170 1224 tecum

257 1268 407 1360 Degere,
428 1287 561 1354 cumque
582 1266 646 1331 tuis
669 1258 831 1332 virtutibus
852 1288 947 1368 omne
966 1292 1024 1359 per
1038 1293 1136 1340 aevnm

257 1382 454 1450 Carminibus
475 1398 600 1456 certare
621 1381 713 1449 meis:
735 1382 895 1448 sublimior
915 1384 984 1467 ibo,
1088 1441 1092 1444 .

255 1500 290 1567 Si
310 1498 401 1566 samae
423 1498 499 1563 mihi
520 1498 627 1588 pandis
649 1499 729 1578 iter,
753 1499 778 1562 si
800 1497 936 1567 detrahis
956 1501 1107 1570 habram.

255 1615 373 1684 Abdita
395 1615 468 1704 quid
491 1611 615 1703 prodest
638 1613 878 1705 generosi'vena
900 1618 1041 1701 metalli,

152 1803 154 1808 ,
188 1756 190 1760 ·
254 1733 289 1800 si
312 1731 435 1798 cultore
456 1725 567 1797 caret?
587 1730 661 1819 qnid
682 1730 776 1796 inerti
796 1733 920 1802 condita
942 1749 1054 1822 portu,

254 1848 438 1917 Si›dui'ioris
462 1863 554 1938 eget,
577 1847 652 1911 ratis
673 1843 785 1927 efficit,
806 1849 908 1914 omnia
922 1851 1060 1938 quamvis

254 1964 458 2031 Armamenta
479 1960 579 2044 ferat,
600 1959 757 2052 teretique
779 1963 904 2030 fluentia
922 1966 1003 2031 analo

253 2081 374 2162 Possit,
396 2078 430 2146 &
452 2101 575 2146 excusso
595 2080 753 2148 dimittere
775 2081 844 2147 vela
864 2082 1016 2151 rudente?

201 2280 205 2287 Ι
253 2196 323 2287 Ipse
345 2217 401 2285 ptr
423 2191 573 2262 Ausonias
593 2193 715 2279 AEneja
737 2198 872 2265 carmina
893 2215 1003 2290 gentes

252 2312 319 2404 Qri
341 2329 447 2394 sonat,
469 2306 588 2403 ingenti
609 2314 663 2402 qui
684 2315 809 2381 nornine
830 2314 931 2404 poisat
946 2314 1124 2406 Olympum,

252 2426 492 2518 Moeoniumque
510 2449 617 2493 senem
632 2427 774 2496 Romano
795 2448 942 2521 provocat
964 2450 1039 2514 ore,

250 2543 392 2612 Forsitan
414 2543 495 2620 illius
518 2542 808 2613 nenorirlatuioet
832 2546 864 2612 in
890 2548 1012 2629 umbra,

250 2661 345 2752 Qod
368 2662 472 2742 canit,
494 2658 642 2727 &sterili
664 2678 786 2728 tantum
807 2680 956 2733 cantasset
978 2687 1085 2746 avena,

249 2775 380 2868 Ignotus
402 2777 541 2867 populis,
564 2777 590 2840 si
604 2775 785 2845 Maecenate
803 2796 943 2846 careret.

249 2893 314 2984 Qi
335 2910 440 2961 tamen
463 2893 541 2959 haud
565 2892 617 2958 uni
638 2891 787 2982 patefecit
808 2896 914 2962 limina
937 2898 1017 2979 vati,

229 2998 315 3078 ‘Nee
337 3032 389 3076 sua
414 3006 550 3101 Virgilio
573 3010 711 3098 permisit
733 3011 951 3079 numina-soli.
974 3072 977 3080 .

246 3123 409 3192 Maecenas
434 3121 571 3217 Tragico
592 3126 784 3216 qn'atientem
806 3128 923 3218 pulpita
944 3144 1036 3195 caestu

245 3236 370 3307 Evexits
383 3242 533 3311 Varium.
563 3241 725 3311 Maecenas
743 3234 811 3310 alta
836 3241 990 3311 Thoantis

244 3348 359 3437 Eruit3'
379 3355 414 3424 6(
435 3354 557 3449 populis
579 3357 717 3425 ostendit
733 3361 861 3427 nomina
884 3359 1003 3441 Grajis.

244 3464 394 3542 Cannina
417 3471 567 3553 Romanis
586 3476 683 3543 etiarn
708 3477 882 3545 resonantia
905 3475 1038 3556 chordis,
