2492 4100
283 248 345 310 ψ
452 217 1035 334 ῬετκοΝιιεΡι-ῑςιΜΕκ

274 373 351 443 Hoc
372 394 504 441 mersam
525 394 618 442 coeno
641 369 798 455 Romam,
819 393 987 463 somnoque
1008 376 1150 455 jacentem

271 491 356 584 Quae
377 506 523 582 poterant
544 504 628 555 artes
648 509 718 554 sana
739 487 861 555 ratione
882 510 1027 571 morere,

274 607 315 677 Ni
336 605 442 690 furor,
461 604 497 673 dc
519 604 650 685 bellum,
672 600 817 694 ferroque
841 604 943 673 excita
965 605 1075 675 libido?

271 720 355 790 Tres
378 724 494 789 tulerat
515 720 654 787 Fortuna
675 718 785 807 duces;
806 743 883 811 quos
904 721 1006 788 obruit
1026 743 1127 789 omnes

271 836 441 907 Armorum
463 855 548 904 strue
572 836 690 902 diversa
712 835 816 904 feralis
837 835 944 917 Enyo.
1048 925 1053 930 ἣ

270 954 414 1025 Crassum
422 952 553 1023 Parthus
566 952 674 1040 habet3
689 952 806 1035 Libyco
812 956 893 1036 jacet
907 972 1033 1042 aequore
1041 943 1177 1047 Magnus:

267 1071 364 1160 Julius
385 1073 538 1163 ingratam
562 1065 697 1159 perfudit
721 1068 869 1162 sanguine
890 1065 1043 1136 Romam.

267 1187 332 1271 Et,
354 1187 438 1277 quasi
461 1210 522 1254 non
545 1200 648 1274 posset
672 1200 719 1251 tot
742 1185 835 1252 tellus
855 1180 941 1250 ferre
959 1187 1119 1277 sepulcra,

264 1303 382 1372 Divisit
404 1303 541 1371 cineres.
563 1299 637 1366 Hos
658 1300 756 1393 gloria
778 1299 879 1414 reddit
901 1299 1048 1370 honores,
1074 1303 1078 1310 “

265 1418 324 1486 Est
347 1422 430 1486 locus
450 1419 551 1487 exciso
571 1416 695 1506 penitus
714 1417 869 1484 demenus
891 1414 995 1498 hiatu,

263 1533 486 1627 Parthenopen
509 1536 611 1617 inter,
634 1554 814 1625 magnaeque
835 1531 1040 1600 Dicarchidos
1061 1557 1142 1618 arua,

262 1649 396 1734 Cocytia
417 1648 555 1743 perfusus
577 1668 673 1738 aqua.
696 1648 777 1718 Nam
799 1647 921 1739 spiritus
945 1666 1038 1717 extra

261 1768 326 1860 Qui
349 1766 425 1835 furit
448 1766 556 1834 effusus
578 1761 701 1831 funesm
721 1763 876 1857 spargitur
896 1782 993 1833 aestu.

261 1882 334 1954 Non
358 1885 425 1951 haec
446 1900 595 1981 autumno
615 1882 709 1948 tellus
731 1881 832 1964 viret,
853 1898 907 1948 aut
927 1880 985 1947 alit
1007 1881 1115 1950 herhas

262 1997 395 2093 Cespite
417 2002 506 2068 laetus
528 2018 620 2092 ager.
646 1996 717 2067 Non
739 2018 834 2066 uerno
856 2016 1106 2089 personatuum
1229 1981 1230 2012 ¹

257 2115 375 2184 Mollia
395 2117 525 2183 discordi
547 2114 678 2205 strepitu
701 2113 835 2208 virgulta
858 2114 1047 2204 loquunturt

257 2230 319 2298 Sed
337 2222 452 2315 chaos,
473 2231 508 2300 dc
531 2231 620 2324 nigro
641 2230 821 2321 squallentia
842 2230 963 2320 pumice
984 2252 1057 2300 saura

255 2345 406 2417 Gaudent
427 2345 516 2415 ferali
536 2346 803 2415 circumtumulata
822 2368 985 2437 cupressu.

254 2462 326 2530 Has
347 2465 539 2532 inter-sedes
560 2461 646 2530 Ditis
667 2445 757 2553 pater
777 2462 889 2531 edtuiit
911 2486 984 2547 ora,

252 2578 419 2648 Bustorum
441 2579 590 2663 flammis,
611 2577 647 2647 dt
668 2601 743 2647 cana
764 2600 864 2670 sparsa
884 2574 1005 2646 fauilla:

250 2689 305 2765 Ac
326 2697 382 2763 tali
404 2698 559 2766 volucrem
583 2694 753 2763 Fortunam
776 2717 852 2764 voce
873 2695 1011 2763 lacerum

250 2809 407 2896 „Rerum
430 2808 650 2893 humanarum,
672 2811 904 2902 diuinarumque
926 2826 1084 2901 potestas,
1226 2808 1227 2885 i

248 2926 379 3013 ,jForQ
402 2931 451 2996 cui
475 2926 559 2997 nulia
580 2927 686 3019 placet
709 2927 837 2995 nimium
858 2949 966 2995 secura
990 2944 1139 3017 potestas,
1225 3014 1226 3019 ἵ

105 3116 109 3123 ,
246 3089 272 3126 „
279 3041 363 3135 Quae
377 3068 456 3113 noua
469 3065 590 3135 semper
603 3064 704 3126 amas,
725 3040 760 3111 dc
773 3066 845 3110 mox
858 3064 993 3145 possesqa
1006 3041 1161 3133 relinquis5

245 3157 398 3248 „Ecquid
422 3159 566 3229 Romano
588 3160 684 3231 sentis
705 3176 739 3227 te
760 3159 896 3250 pondere
917 3157 1048 3228 sidiam?
1172 3194 1175 3201 ·

244 3271 347 3359 „Noc
367 3296 456 3366 posse
479 3275 610 3351 ulrer'ms
631 3274 804 3364 perituram
823 3275 977 3345 extollere
999 3273 1130 3342 molem?

242 3387 436 3482 „ipsasuan
458 3391 537 3459 vires
557 3391 626 3459 odit
648 3389 790 3481 Romana
810 3394 975 3479 juventus,
1085 3451 1092 3460 .

550 3528 554 3531 ·
984 3502 987 3507 ⁴
1036 3502 1109 3588 „Et
