2492 4100
242 204 288 281 rr
499 165 557 245 ut
585 158 933 240 natussum
996 97 1002 103 ⁴

277 322 370 392 Agave
386 304 630 374 filium'ieutlreum
648 327 694 380 per
711 309 905 375 interemtam
930 310 1065 377 vitulum,
1090 313 1186 371 lacera·

279 400 337 448 vit:
358 406 414 461 post
433 391 459 444 id
477 390 576 446 sedtum
594 390 691 438 meotis
707 400 812 450 compos
820 383 923 437 Thebas
940 385 1003 457 fuga
1023 392 1125 454 petiit,
1143 392 1185 442 ubi

275 466 408 535 exsequiis
426 463 482 517 silio
501 458 654 529 persolutis,
673 457 749 518 cujus
764 471 843 522 caput
860 457 1129 514 solummodosecum
1147 478 1186 514 ru-

279 539 366 600 lerat,
383 537 535 606 querebatur
553 550 580 585 se
597 530 695 594 reliqua
712 528 825 593 ejusdem
835 530 948 584 membra
964 533 1021 583 non
1038 535 1186 603 collegisse.

239 618 306 685 ιιι.
327 613 374 671 ria
394 604 507 664 Aulia
525 613 573 659 dec.
592 603 725 664 Inachus,
744 617 816 667 patet
836 603 880 653 lus
897 604 928 655 ab
942 610 1008 675 Jove
1026 609 1057 656 in
1086 626 1186 662 vaccam

279 697 407 746 mutate,
426 699 488 734 mox
507 680 535 733 in
555 675 661 746 priorem
679 673 787 727 formam
805 674 945 740 restitutae,
962 685 989 730 dr
1009 677 1036 729 in
1047 683 1187 751 AEgyprum

278 757 393 812 asecle.
410 761 450 810 Et
468 765 550 817 reus,
562 763 640 805 amu
656 756 703 802 dre·
723 745 881 809 Archelour‚
898 750 940 801 cui
957 753 1124 818 desponsata
1138 752 1186 805 fue·

280 844 321 884 tat
340 828 463 891 Deianira
480 826 548 880 cnei
567 822 640 885 filia,
656 821 700 873 sed
719 818 822 873 Herculi
842 826 867 873 iu
886 822 954 876 totta
981 825 1074 876 vittam
1093 838 1186 893 nupta·

320 908 359 957 Er
377 896 565 971 Meleagream
582 904 630 949 διο.
649 896 751 947 Euenos
770 892 862 946 fluvius
881 894 976 966 (juxta
996 915 1080 964 quem
1101 902 1188 950 Nessus

282 978 431 1029 Centaurus
448 973 481 1026 ab
499 966 631 1031 Hercule,
648 968 715 1033 quod
736 966 867 1029 Deianirae
884 969 938 1021 uim
957 969 1057 1023 inferre
1084 987 1187 1024 conatus

241 1114 244 1121 .
280 1062 369 1112 esset,
386 1061 464 1100 cesos
482 1041 536 1098 fuit
553 1040 568 1115 )
587 1057 630 1111 per
643 1039 812 1107 Calydonium
822 1037 954 1111 Meleagro
971 1042 1039 1097 olim
1058 1059 1186 1115 regnatam

283 1121 396 1177 labitur.

317 1188 497 1250 famulantis
515 1198 565 1246 dec.
592 1188 631 1242 Ad
650 1187 826 1258 Amphrysum
850 1189 921 1242 enim
940 1186 1051 1244 Admeti
1075 1202 1188 1245 armenta

303 1283 372 1324 amr.

285 1286 302 1339 p
320 1336 399 1399 solur
418 1347 466 1392 tre.
484 1335 614 1394 Describit
631 1336 779 1390 Titaresum
798 1337 825 1388 in
840 1336 948 1390 Peneum
966 1336 1077 1406 quidem
1098 1335 1187 1388 incide·

280 1431 326 1482 re,
342 1427 424 1480 oeque
442 1411 506 1465 velie
522 1425 609 1465 tamen
627 1423 654 1462 se
672 1407 741 1462 illius
759 1409 832 1460 undis
850 1410 1009 1478 immisceri,
1025 1408 1074 1462 sed
1090 1412 1185 1463 innata·

282 1505 311 1540 re
328 1501 455 1554 superum
473 1501 564 1552 utpote
582 1479 627 1554 qui
645 1486 764 1551 erStyge
781 1485 940 1543 scaturiens,
959 1500 1069 1549 suaque
1088 1481 1185 1551 originis

280 1575 381 1614 memor
398 1558 548 1631 dedignetur
566 1555 620 1626 pati
638 1557 754 1624 contagia
772 1554 828 1608 vilis
846 1572 893 1622 prae
911 1571 940 1606 se
958 1558 1100 1616 fluminis,
1117 1566 1184 1608 &ve-

277 1632 315 1687 lit
333 1631 454 1699 perinde,
471 1650 500 1686 ac
519 1634 602 1699 Styx,
629 1627 799 1693 jurisjurandi
822 1628 969 1696 religionem
998 1629 1051 1682 sibi
1077 1645 1183 1682 servare:

280 1710 375 1777 btygia
392 1721 504 1774 namque
522 1703 595 1771 palus
612 1702 689 1764 iuxta
707 1701 775 1769 Vitg.
795 1703 856 1753 AEn.
875 1703 891 1754 Ι.
912 1711 939 1761 6,
958 1721 986 1753 v.
1000 1719 1070 1763 323,
1087 1720 1116 1755 ea
1134 1717 1182 1767 est,

392 1777 447 1833 Dii
464 1775 543 1848 cujus
555 1777 657 1847 jurare
675 1772 772 1827 timent
788 1770 824 1831 Θ
832 1771 935 1847 fallere
954 1793 1079 1829 numen..

318 1848 453 1909 ixionidas
472 1857 520 1904 dre.
546 1855 602 1902 Hos
620 1864 653 1899 ex
679 1845 748 1899 nube
773 1847 818 1899 sibi
844 1863 887 1913 pro
904 1850 1013 1912 Iunone
1039 1846 1179 1916 supposita,

280 1925 361 1979 Ixion
380 1923 498 1994 genuisse
516 1920 624 1991 fingitur
641 1921 668 1973 in
685 1935 757 1973 antro
765 1917 936 1982 Pelethronii,
951 1919 1101 1975 Thessalia
1114 1939 1179 1973 mou·

282 1999 335 2053 tir·
352 1997 469 2053 semiferi
487 1995 628 2057 dicuntur,
645 1993 705 2062 quia
724 1991 801 2066 fuisse
818 2009 861 2046 eos
887 1991 972 2048 forma
1000 2012 1115 2059 superne
1138 1995 1179 2046 ho·

281 2090 380 2134 mana,
397 2075 491 2139 equina
509 2067 609 2121 inferne
627 2064 791 2120 fabulantur.
811 2068 854 2118 Ex
868 2065 917 2120 illis
937 2068 1079 2121 nonnullos
1097 2086 1182 2121 nume·

280 2161 341 2208 rat,
358 2160 451 2214 sempe
469 2141 649 2211 Monychum‚
667 2140 812 2201 Rhoetum,
830 2140 954 2201 Pholum,
972 2146 1106 2204 Nessum,
1124 2143 1179 2196 Chi-

281 2236 389 2273 torrem.

247 2288 310 2360 rag.
331 2293 381 2350 ⁸84
400 2295 503 2364 Hesper
521 2297 569 2346 tec.
589 2290 641 2357 Qu
649 2285 752 2345 Herculi
760 2284 901 2357 hospitium
915 2285 983 2341 dedit
997 2288 1026 2340 in
1036 2290 1178 2341 Nemeaeum

281 2363 383 2419 leonem
403 2364 595 2432 proficiscenti.

295 2427 300 2500 f
317 2434 428 2514 reprobe
445 2447 490 2492 etc.
513 2444 610 2504 Nesse,
627 2441 672 2509 qui
689 2455 770 2505 quum
787 2435 937 2491 transretiae
962 2452 978 2489 a
1007 2448 1034 2486 re
1054 2451 1098 2501 per
1113 2436 1178 2487 Ere·

278 2527 344 2566 rrum
361 2518 423 2566 fluv.
442 2514 572 2576 Deianirae
590 2514 644 2567 vim
664 2512 780 2573 inferres,
796 2510 829 2563 ab
847 2506 955 2562 Hercule
972 2509 1079 2578 sagittis
1089 2508 1176 2575 Hydra

281 2590 394 2642 Lernaeae
412 2583 474 2638 felle
493 2583 597 2639 imbutis
614 2585 778 2649 trajiciendos
795 2599 863 2635 etas·

317 2653 415 2713 Gelidr
431 2666 479 2713 dre·
498 2656 549 2724 Qui
567 2660 673 2713 nomine
687 2653 834 2731 Sagittarii
851 2656 878 2707 in
896 2654 1000 2710 hiemali
1019 2653 1117 2707 circulo
1131 2653 1176 2707 col-

281 2733 397 2791 locatus,
415 2747 477 2784 arcu
495 2732 643 2784 Thessalico
661 2731 755 2785 videris
774 2742 857 2796 perere
873 2732 995 2797 Scorpion
1020 2728 1130 2782 duorum
1146 2728 1175 2780 ri-

281 2820 389 2875 gnorum
407 2804 518 2871 spatium
535 2820 724 2871 occupantem.

317 2875 430 2932 Primus
447 2885 494 2930 &c-
511 2876 562 2928 Hic
580 2893 697 2946 percussa
714 2877 821 2930 tridente
839 2890 912 2945 petra
931 2880 1073 2942 Neptunus
1090 2873 1175 2943 produ·

281 2949 323 3007 alt
341 2948 489 3004 bellatorem
507 2966 621 3018 equum,
639 2952 681 3004 cui
699 2966 793 3003 nomen
811 2949 954 3019 Scypbius.

316 3017 397 3076 Unde
415 3029 464 3077 dec.
483 3024 516 3076 In
535 3023 683 3078 memoriam
702 3024 826 3090 Pythonis
842 3024 874 3076 ab
888 3017 1012 3090 Apolline
1029 3023 1088 3073 cesi
1106 3019 1170 3073 insti

276 3107 337 3151 tuta
355 3093 427 3149 fuere
444 3096 536 3163 Pythia
552 3100 710 3158 certamina,
729 3113 837 3166 quorum
857 3095 989 3163 premium
1011 3092 1119 3147 laurus.

314 3165 413 3241 impius
431 3175 479 3221 dte·
504 3168 591 3222 Almus
607 3173 691 3223 (itum
710 3177 734 3222 ἀ
754 3170 912 3236 Ephialten,
929 3165 1054 3237 gemellos
1074 3165 1167 3225 stactes,

281 3240 410 3297 auritium
429 3240 585 3310 Gigantibus
605 3244 634 3295 in
653 3248 761 3309 Superos
779 3239 872 3295 afferre
889 3242 981 3303 jussit.
1107 3293 1109 3297 ,

240 3313 305 3384 Peg.
328 3316 374 3370 rit
395 3309 495 3368 Primis
510 3308 580 3386 quid
592 3322 641 3368 dre·
659 3316 727 3380 Quid
742 3331 834 3381 nempe
852 3312 1170 3382 portendatoraculumlo·

281 3388 337 3458 ris,
354 3403 370 3444 a
387 3386 504 3444 columba
521 3402 567 3448 seu
584 3387 687 3458 muliere
705 3387 830 3450 redditum
846 3404 860 3442 e
876 3402 971 3454 quercu
991 3389 1018 3439 in
1037 3384 1168 3464 sylraiio
