2492 4100
223 203 264 255 n
472 171 533 249 ru
560 120 918 247 intrantur

254 321 342 386 hitnr,
357 336 388 376 ac
404 321 435 376 in
449 315 673 375 Minturnensium
692 311 845 383 paludibus,
863 313 969 368 calamis
995 322 1023 369 ee
1048 314 1168 383 palustri.

251 396 302 451 nus
320 394 404 450 herbis
420 395 524 453 renus,
540 388 684 444 delitescit·
703 387 751 440 Sed
768 406 785 441 a
802 387 930 442 militibus
948 389 1107 444 Geminiani
1125 394 1166 446 de·

251 468 416 539 prehensus,
432 469 584 521 Minturnas
600 465 629 516 io
646 461 809 522 cassandum,
826 474 856 515 ut
868 460 965 529 publice
983 477 1109 527 necetur,
1125 466 1169 519 ab·

259 545 283 595 li
300 541 370 596 imis
633 564 638 572 '

284 557 471 690 zeppanus».
489 617 664 667 Reserrarum
680 606 714 663 ad
732 605 872 675 septimum
889 605 1082 663 Consulatum.
1131 636 1134 649 ·

290 689 393 746 Penas
418 697 486 743 aare
502 680 588 742 dabar
612 678 757 739 rrrlrrunr·
775 678 849 732 Tulit
872 681 928 742 jam
955 699 1162 749 poenastonrum

232 800 237 823 ,
254 760 397 823 scalmum
412 777 468 828 quar
487 770 679 827 perpetramus
696 767 752 809 erat
765 753 898 822 postmodo
906 758 1165 812 Romamreversus.

221 837 286 907 Pap·
303 851 338 895 aa
357 835 464 900 Hunc,
478 826 602 893 Cimbri,
619 840 725 884 servare
742 843 851 882 renem.
871 827 986 881 Matium
1003 828 1107 885 scilicet
1124 850 1166 887 sa·

256 908 372 964 vittatam
389 907 417 959 in
436 908 591 963 Romanos.
606 909 632 956 nr
650 899 753 955 inferias
768 915 802 955 ex
820 897 872 955 illis
888 901 1036 956 relaturum
1061 905 1165 962 civibus

255 984 352 1037 nessus
368 978 498 1034 Cimbrico
514 974 581 1030 hello
598 972 762 1037 intersediis·

291 1048 429 1108 Hostilem
446 1049 477 1107 r'rr
493 1061 614 1105 rmaor.
633 1047 714 1103 trano
731 1046 872 1110 infestam,
889 1048 936 1118 qui
953 1050 1167 1122 eamsubegerat,

261 1126 364 1182 devino
381 1122 529 1196 Iugurtha·
729 1136 733 1145 ’

292 1207 331 1260 Bt
352 1199 444 1257 Pnrror
465 1192 567 1282 pressit
583 1192 705 1251 cinrrer.
722 1198 791 1251 Nam
808 1193 874 1247 inter
891 1193 982 1248 ruinas
1000 1196 1166 1270 Carthaginis

253 1269 406 1343 aliquandiu
422 1269 541 1323 delituit,
560 1264 669 1323 Solaria
685 1274 735 1323 dre.
753 1265 909 1336 Carthagini
927 1266 1025 1322 solatio
1043 1277 1165 1327 eratMa·

253 1348 308 1401 rius
325 1346 376 1399 hut
394 1342 548 1400 murrinum
566 1340 690 1406 adanu,
707 1339 788 1399 nario
804 1354 886 1396 tante
904 1339 977 1395 urhis
994 1343 1131 1399 excidium
1142 1355 1166 1401 n

255 1434 351 1474 nidmu
519 1442 527 1458 ‘

291 1491 334 1544 Ur
349 1487 465 1564 primunr
474 1485 591 1565 fortuna
607 1485 699 1547 redir-
716 1488 803 1555 Quum
812 1489 844 1540 C.
855 1487 1015 1563 cinnamo
1035 1490 1069 1546 ad
1089 1509 1166 1559 popn.

253 1562 311 1620 lum
329 1562 436 1620 referret
453 1565 487 1617 de
505 1565 656 1619 revocandis
673 1578 738 1632 quos
755 1564 881 1624 Senatus,
898 1562 937 1616 ita
954 1560 1166 1634 volente->Smin

250 1636 342 1694 hostes
358 1638 539 1704 iudicaverat,
557 1645 583 1692 dt
600 1638 632 1689 de
657 1635 821 1690 adscribendo
845 1651 974 1690 novorum
1001 1641 1109 1691 civium
1142 1645 1164 1694 X

231 1730 237 1739 ·
255 1711 340 1767 trihus
355 1713 485 1766 veteribus
502 1715 615 1778 XXXV,
631 1726 647 1764 a
665 1707 846 1763 dissidentibus
863 1709 936 1761 Coss·
950 1709 978 1760 in
998 1711 1091 1766 media
1107 1712 1164 1763 urhe

251 1783 427 1854 disceptatum
446 1799 502 1839 est.
520 1785 616 1848 Cinna,
634 1782 696 1836 arbe
713 1780 802 1848 pulsus
820 1798 837 1836 a
853 1782 1029 1836 Cn.0&avio
1049 1783 1158 1853 collega,

249 1855 374 1912 animm
391 1856 462 1910 urbes
481 1858 604 1925 italicas,
622 1857 692 1910 vires
709 1852 823 1923 undique
840 1853 995 1925 contrahit,
1021 1859 1104 1910 serris
1125 1872 1161 1909 et·

250 1930 307 1985 iam
331 1930 364 1986 ad
387 1928 531 1983 libertatem
555 1929 670 1990 vocatis,
694 1942 825 1982 reversum
843 1927 957 1981 Marium
982 1928 1034 1982 sihi
1061 1930 1161 2000 iungit,

233 2044 237 2052 .
256 2001 416 2073 quadruplici
441 2003 544 2073 agmine
568 1999 658 2056 urhetn
686 2000 788 2056 intrant
806 2001 909 2071 Cinna,
927 1999 1048 2068 Marius,
1066 2004 1160 2067 Carbo,

252 2075 394 2141 moins,
410 2076 440 2129 in
456 2074 614 2132 adversarios
631 2075 795 2130 deseviunt·

214 2148 279 2222 Ρη·
297 2166 330 2214 as
348 2154 383 2207 lrr
399 2165 542 2206 nnmerum
555 2160 619 2222 perr
635 2163 735 2221 magna
749 2145 839 2221 perir·
856 2149 1002 2204 Promiscue
1021 2154 1160 2207 taminno·

251 2237 340 2279 centes
356 2238 436 2294 quarn
453 2237 594 2286 nocentes,
611 2221 696 2292 ignoti
714 2222 809 2291 pariter
826 2238 856 2277 ae
873 2226 930 2277 noti
948 2224 1050 2278 cadunt
1065 2228 1161 2294 augen'·

250 2295 287 2351 do
302 2296 439 2352 dumtaxat
456 2311 586 2351 numero.

291 2373 357 2442 Sper
375 2387 432 2426 una
449 2365 551 2425 rolrrtr'r
567 2375 615 2424 dte·
633 2368 746 2426 Dederat
763 2371 859 2439 quippe
881 2369 933 2424 hoc
957 2370 1013 2423 suis
1040 2371 1161 2441 signum,

251 2453 284 2496 ut
301 2441 473 2498 interficerent
489 2458 657 2513 quoscunque
674 2442 717 2496 ille
734 2457 787 2495 non
807 2444 990 2505 resalutasset;
1006 2444 1102 2511 quibus
1119 2462 1160 2499 sa·

250 2513 397 2571 lntantibnr
414 2514 480 2569 nihil
496 2516 677 2585 responderet,
693 2529 739 2571 aut
756 2513 850 2587 quihus
867 2532 977 2571 manum
985 2518 1158 2572 osculandam

249 2602 303 2642 non
324 2603 492 2656 porrexisset.

285 2665 406 2735 Degener
422 2678 438 2716 o
497 2657 576 2719 ulus.
595 2668 621 2718 0
635 2664 788 2735 degeneres!
806 2663 860 2717 Vix
876 2663 995 2718 decorum
1013 2676 1083 2718 esset
1102 2679 1157 2719 tam

249 2736 317 2800 turpi
334 2733 415 2789 ortuli
464 2736 678 2803 seqnionretuisse
695 2750 800 2792 atatem
809 2736 851 2791 rel
868 2738 1067 2807 longissimam
1089 2740 1156 2791 mul·

248 2803 278 2859 io
292 2822 352 2876 ergo
369 2806 441 2862 robis
456 2811 554 2877 turpius
577 2826 648 2864 nunc
673 2810 843 2881 ignominiam
866 2808 952 2864 subite
976 2809 1043 2863 rna
1067 2809 1159 2864 brevis

202 2929 206 2934 .
246 2879 349 2948 gratie,
364 2896 428 2947 quos
445 2897 594 2939 reversura
619 2882 684 2938 hello
708 2883 735 2936 in
754 2883 933 2938 Mithridatem
958 2883 1039 2937 Ponti
1066 2899 1156 2953 regem

246 2949 334 3014 sulla,
351 2968 440 3021 utpote
451 2955 533 3009 orarii
551 2972 657 3009 munere
676 2958 769 3020 vivos,
787 2956 948 3010 interficiet.
1011 3003 1016 3011 .
1057 2987 1060 2990 x

292 3023 348 3080 ris
364 3036 391 3081 rr
407 3032 456 3080 dre.
475 3028 527 3082 via
544 3028 609 3082 mihi
628 3044 705 3083 vacat
722 3034 780 3083 flere
797 3043 824 3083 te
840 3030 1011 3097 discerptum,
1035 3046 1053 3082 o
1071 3027 1154 3097 Baebi,

254 3098 323 3151 inter
340 3113 432 3154 manus
450 3100 532 3162 rurba
548 3100 683 3157 lacerantis
706 3102 822 3157 membra
844 3102 1005 3171 discessisse¹
1028 3100 1059 3157 lt·
1083 3120 1109 3157 e.
1129 3109 1153 3156 in

250 3173 336 3226 varias
354 3184 436 3239 partes
454 3172 556 3228 sedium
569 3174 668 3229 fuisse·
1126 3195 1130 3199 ·

232 3269 240 3278 ·
284 3242 392 3300 Arroni
408 3251 457 3299 dte.
475 3250 513 3299 M·
531 3247 640 3302 Antonii
664 3248 799 3304 clarissimi
815 3250 934 3306 oratoris
956 3262 1038 3318 caput
1063 3247 1153 3310 abscis-

250 3331 309 3369 sum
327 3318 429 3370 Annius
446 3317 517 3374 Trih.
535 3319 566 3373 ad
585 3320 697 3376 Marium
715 3335 861 3377 cenantem
878 3323 988 3375 detulit.
1177 3383 1179 3388 ,

250 3401 255 3418 ¹
285 3391 407 3450 'tronus
424 3396 479 3462 ‘ii‘
491 3390 623 3459 Fimbria,
639 3392 732 3449 efferus
742 3396 817 3451 Marii
833 3395 1039 3470 milesgcmssos
1053 3408 1152 3468 patrem
1244 3419 1245 3458 1
