2492 4100
313 155 508 267 susum
530 191 594 268 vs
617 192 788 272 noim.
977 226 1019 289 ,2

68 346 142 418 sag.
162 358 211 406 179
231 335 335 399 Adess-
355 337 454 391 Sensim
473 336 605 392 corrodit.

150 424 265 475 incursu
278 411 385 489 gemini
403 409 524 465 Marsis.
544 413 635 475 idest,
654 425 721 466 terra
739 413 871 481 marique.

70 497 138 559 Pag.
160 493 208 547 180
227 486 341 563 Segnius
359 493 406 538 otc·
424 488 484 537 Non
501 484 621 553 segnius,
639 502 716 553 quam
742 503 824 541 nauta
850 486 928 543 solers
953 502 1019 547 tem.

112 579 237 632 pestatetn
255 561 288 615 ad
306 563 433 612 Ciscaeum
453 559 480 609 in
498 557 564 611 strati
582 559 718 626 Tyrrheno
737 561 900 628 ingruentem
928 567 1019 627 praevi.

109 639 176 690 dens
194 635 251 689 vela
269 632 412 700 contrahit,
430 634 574 699 Torquatus
593 631 726 687 revocarit
743 633 850 703 agmins
865 634 892 688 in
911 633 1014 689 interio-

110 728 164 764 rem
183 724 319 779 aggerem.

147 785 225 837 Ante
242 777 342 836 aciem.
361 780 430 832 Ante
449 795 563 847 pugnam
581 796 643 833 cum
661 781 736 833 hoste
753 795 918 834 consertum.

149 861 242 909 Totus
257 858 306 908 dcc.
326 853 378 907 Hic
401 852 557 905 debellatum
583 852 691 918 fuisset,
715 852 913 925 confeiiumque
938 852 1016 909 civile

111 927 210 982 bellum
230 944 326 997 magns
343 927 542 980 Castrianorum
560 927 645 995 caede,
662 930 712 979 nrsi
730 929 867 993 Pompeius
895 944 956 981 suas
972 946 1016 983 co·

111 1005 169 1069 pios
187 1019 203 1056 a
221 1000 397 1070 persequendis
414 999 531 1055 hostibus
549 1006 723 1066 repressisset:
743 1000 806 1054 adeo
825 1006 861 1053 ut'
872 1005 928 1053 suis
952 1005 1017 1055 ami·

110 1077 148 1128 cis
167 1076 220 1142 ipse
236 1076 319 1127 Cesar
336 1071 447 1127 disserite
468 1075 552 1127 Panes
567 1070 653 1127 sarm
670 1068 749 1129 badis
756 1068 862 1147 faisses
878 1071 1015 1140 vinaria,

112 1146 141 1204 si
155 1144 251 1202 dacem
269 1144 374 1202 vincere
391 1145 520 1200 scientem
539 1141 715 1201 habuissent.

149 1217 252 1278 Pharia
269 1228 317 1273 stc.
336 1219 473 1273 Ptolemaeo
490 1234 550 1286 rege
569 1218 707 1288 AEgyprio,
724 1219 798 1284 cujus
820 1220 943 1289 permissu
962 1222 1017 1287 jus.

111 1309 195 1363 suque
214 1295 346 1362 proditus,
363 1300 387 1346 st
406 1291 556 1346 interfetlus
575 1307 612 1347 est
632 1294 789 1360 Pompeius.

149 1368 341 1437 pinorumque
359 1374 406 1419 &c-
425 1371 512 1434 Neque
520 1366 602 1433 Scipio
610 1368 722 1434 Pompeii
741 1384 829 1429 socer,
848 1383 1011 1438 penesqueos

111 1441 139 1492 in
159 1438 244 1493 Africa
263 1439 423 1506 reliquiarum
441 1434 574 1493 Pharsaliis
592 1446 616 1491 dt
635 1441 735 1506 imperii
753 1446 856 1494 stimma
876 1456 949 1508 erat,
967 1442 1016 1495 fer.
1075 1438 1077 1441 ’

109 1529 138 1565 ro
155 1529 201 1565 suo
226 1513 348 1575 tranum
365 1520 389 1565 st
407 1516 434 1564 iu
460 1527 532 1563 nuere
557 1513 728 1577 precipitatus
752 1513 881 1565 retulisset
908 1514 1015 1569 inferias

112 1585 350 1639 umbrisl’oenorum
370 1583 525 1637 insecundo
542 1589 566 1634 ἀ
583 1581 660 1636 tertio
678 1581 745 1636 hello
753 1582 850 1637 Punico
868 1588 1014 1654 gentissuae

111 1658 232 1727 auspiciis
252 1658 467 1712 intersediorum.

71 1730 135 1802 Peg.
156 1733 203 1786 sis
223 1729 307 1786 Euisr
322 1747 339 1784 e
355 1727 452 1783 mediis
469 1738 518 1783 dee.
537 1728 622 1796 idest,
640 1726 663 1783 si
679 1727 765 1784 oblata
782 1728 829 1783 sibi
844 1726 1013 1786 fortunalis.

109 1820 177 1875 gnus
194 1806 310 1858 scivisset
329 1805 384 1865 uti,
403 1819 448 1854 nec
462 1802 606 1856 Pharsalica
624 1818 732 1871 pugna,
749 1803 828 1857 elusis
846 1803 1013 1869 quodammo-

46 1886 51 1890 ’
109 1879 144 1930 do
161 1875 224 1931 fatis
242 1876 321 1946 ipsis,
339 1877 457 1943 deinceps
474 1874 623 1940 accidisset;
642 1889 690 1928 nee
708 1877 826 1947 ingentes
843 1875 894 1930 ille
912 1877 1013 1944 clades,

110 1950 142 2005 tle
160 1950 252 2019 quibus
268 1966 361 2016 supra,
380 1962 488 2016 patratu
508 1949 636 2002 fuissent.

147 2020 315 2079 Candavia·
334 2023 507 2089 MunsEpiri,
527 2020 662 2091 Illyricum
679 2023 854 2078 cMacedonia
872 2022 1012 2076 dirimens.

147 2093 323 2152 Thessaliam
341 2105 387 2150 stc.
405 2098 525 2166 Qsinque
544 2110 660 2163 montes,
678 2103 759 2164 ossa,
777 2097 881 2159 Pelion,
899 2098 1011 2161 Othrys,

110 2170 226 2232 Pindus,
244 2178 268 2225 ἀ
288 2173 419 2239 Olympus
438 2168 796 2238 Thessalisminterclpiunt:
815 2171 848 2226 ab
865 2174 932 2223 ortu
951 2169 1012 2222 bru·

110 2245 267 2306 maliossa,
284 2246 371 2296 Pelion
390 2242 422 2296 ab
441 2245 549 2306 aestivo,
567 2242 667 2311 othrys
684 2262 700 2299 a
717 2244 840 2310 Meridie,
857 2243 891 2301 eb
908 2246 1011 2308 Occasu

108 2316 227 2379 Pindus,
245 2333 261 2371 a
279 2316 463 2386 Septentrione
482 2316 592 2371 Boreas.

73 2389 138 2461 Peg·
160 2392 207 2445 182
227 2392 339 2461 Jappga.
359 2392 475 2444 Ventum
493 2407 527 2443 ex
546 2387 636 2457 Apulia
654 2395 775 2445 flantem.

148 2466 211 2516 Nea
234 2474 358 2518 metuens
381 2471 429 2517 otc.
454 2464 505 2528 Qui
528 2461 560 2518 sd
578 2462 685 2530 Olympi
703 2465 798 2522 radices
821 2462 957 2533 habitant,
979 2462 1013 2518 ab

110 2534 248 2602 Aquilonis
264 2537 365 2591 sevitia
383 2539 433 2590 tuti
452 2538 483 2589 ob
501 2536 596 2591 montis
613 2535 794 2601 altitudinem,
811 2539 970 2606 Cynosuram
986 2545 1011 2590 ds

110 2609 228 2664 Helicem
247 2610 333 2663 videte
350 2622 501 2679 nequeunt.
964 2643 966 2648 ,

150 2680 292 2751 AEqaasei.
313 2687 410 2750 Uspote
427 2683 471 2752 qui
491 2687 599 2738 marine
612 2683 731 2737 Thetidis
749 2683 834 2739 lilius.

150 2750 372 2828 PsimaRbntsia
390 2765 438 2810 stc.
457 2758 576 2810 Eminuit
593 2772 627 2809 ess
646 2758 721 2809 undis
739 2760 818 2810 etism
828 2754 939 2823 Phylace
955 2756 1013 2808 urbs

110 2826 262 2881 Phthioticae
281 2844 387 2897 regnata
405 2832 561 2893 Protesilao,
578 2832 622 2898 qui
641 2833 669 2886 in
688 2831 754 2883 bello
771 2831 885 2894 Trojano
911 2829 1012 2897 primus

111 2899 262 2954 Graecorum
280 2904 386 2955 emicuit
404 2904 433 2955 in
450 2901 512 2956 litus
531 2903 661 2965 Rhoetei,
684 2903 799 2956 Troados
825 2905 1013 2971 promontorii·

148 2973 252 3038 Dotion
269 2982 319 3028 &c-
337 2975 485 3043 Oppidum,
508 2979 584 3040 juxta
601 2975 670 3045 quod
688 2977 830 3043 Thamyris
846 2994 862 3031 a
879 2977 960 3029 Musis
984 2973 1013 3026 in

110 3046 233 3100 carminis
251 3062 380 3101 esttamen
399 3050 546 3114 provocatis
564 3048 648 3102 vibius
665 3062 744 3118 arque
763 3062 923 3103 excecatus.

148 3116 294 3191 Pictisque
311 3126 358 3174 otc.
379 3121 511 3191 Mellbaes,
528 3121 676 3174 Philouerae
695 3122 795 3190 patria,
820 3139 896 3191 quem
915 3126 1014 3175 Heriu-

111 3190 167 3258 les‚
184 3189 292 3247 incensu
310 3191 343 3246 ab
359 3209 391 3246 eo
408 3193 434 3244 in
443 3206 495 3247 uste
514 3210 581 3261 pyrre
598 3194 700 3259 pretio,
717 3197 825 3250 donavit
844 3195 957 3265 sagitti53
977 3195 1013 3246 si-

113 3281 150 3319 ne
168 3263 261 3331 quibus
279 3265 360 3328 Troia
377 3265 433 3332 capi
451 3282 504 3318 non
523 3280 636 3333 poterat.
952 3267 966 3290 '

147 3331 307 3392 Echionias.
326 3337 365 3391 Ab
383 3337 516 3401 Echione,
532 3339 575 3405 qui
594 3356 662 3392 unus
679 3355 734 3395 esst
751 3358 766 3392 e
783 3342 947 3409 Terrigenis,
967 3351 1013 3390 cu·

112 3408 154 3475 ius
171 3425 249 3483 opere
266 3426 331 3468 usus
348 3410 460 3472 cadmus
479 3412 584 3471 Thebas
599 3412 728 3472 condidit.
747 3410 803 3472 Ubi
821 3408 1011 3486 quoniamst.
