2492 4100
267 288 326 356 3⁶6
495 270 963 343 SUPPLEMENTUM

265 422 362 512 Inque
384 444 469 487 suam
491 424 643 488 accelerat
668 425 864 513 properantia
885 420 947 487 fata
971 421 1100 487 ruinam.
1152 429 1154 433 ’

264 539 309 607 Et
331 560 370 605 ne
393 538 526 604 subsidiis
549 556 722 605 accrescant
744 557 844 604 costra
866 537 989 603 marinis

264 653 429 736 Caesarta,
451 653 626 720 instrudlam
648 654 780 743 disponit
803 657 833 719 iu
857 673 981 742 aequora
1002 653 1137 733 classem,
1224 717 1225 750 ,

266 772 338 861 Qua
361 770 435 835 levis
448 767 598 860 AEgypto
619 771 812 836 disterminat
835 770 916 836 unda
931 767 1107 859 Canopum.
1224 773 1225 856 J

266 887 429 974 Inceptum
450 886 512 951 visa
536 902 583 950 est
605 888 738 974 primum
761 886 896 952 Fortuna
916 888 1038 966 iuuare.

266 1002 380 1069 Incidit
404 1002 436 1066 in
458 1000 584 1067 classem
606 1000 685 1068 hauc
705 1003 793 1068 sociis
812 997 907 1067 divisa
929 997 1039 1066 carinis
1224 983 1225 1006 l

266 1115 398 1183 Caesaris
420 1139 479 1182 una
492 1119 584 1199 ratis,
607 1139 678 1206 quae
697 1114 811 1183 fortem
825 1117 1025 1207 Euphranora
1048 1116 1142 1183 texite
1224 1113 1225 1142 ³

267 1233 364 1299 Hanc
387 1233 470 1297 omni
492 1232 613 1297 Pharia
635 1255 754 1323 puppes
777 1231 911 1299 statione
932 1233 1041 1300 solutae

267 1346 489 1415 Circumeunt.
513 1347 613 1414 Periit
635 1349 769 1416 numeris
790 1343 1104 1440 oppressattiremis.

325 1463 444 1556 Regius
466 1466 585 1530 interea
611 1486 668 1554 per
683 1464 812 1531 Delttm
833 1466 988 1533 exereitus
1009 1465 1071 1531 ibat

269 1580 461 1663 Terrestris,
482 1582 654 1670 multasque
677 1583 724 1647 via
745 1583 917 1648 muniverat
939 1601 1042 1647 arces.
1085 1579 1089 1586 '

264 1697 335 1784 Jam
356 1697 427 1762 belli
451 1698 565 1763 molem
587 1697 791 1786 pulcherrima
806 1693 903 1764 Delta
925 1698 1071 1779 tenebat,

268 1814 367 1881 Delta
390 1812 578 1904 AEgyptiaci
599 1814 805 1906 desuntque
827 1813 984 1903 opulentia
1008 1813 1111 1906 regni3

268 1929 331 1999 Per
352 1933 436 2011 cujus
459 1929 569 1995 virides
590 1930 710 1997 sinuato
730 1931 856 2026 gurgite
878 1949 1001 2020 campos
1029 1977 1031 1980 -

270 2046 347 2112 Huc
370 2045 443 2112 illuc
465 2046 543 2111 ludit
566 2044 673 2129 Nilus,
696 2046 839 2138 gyrisque
861 2066 1022 2113 recurrens

190 2246 191 2251 ἵ
269 2161 360 2230 Nunc
384 2163 497 2244 ambit,
519 2185 601 2229 nunc
624 2164 778 2253 implicitis
799 2167 962 2230 intersecat
985 2163 1073 2230 undis

269 2277 399 2368 Pinguia
420 2280 504 2344 culta
525 2279 603 2360 suis,
626 2279 662 2347 dc
684 2280 770 2371 nigra
791 2280 870 2346 ditat
891 2298 1000 2347 arena.

269 2393 357 2461 Huic
379 2416 492 2459 nomen
514 2411 610 2460 terrae
629 2397 684 2462 dat
705 2397 795 2461 litera
806 2394 903 2462 Delta
925 2391 1072 2463 triformi.

269 2510 400 2591 Oceano
422 2511 553 2577 Buteale
574 2511 653 2581 latus
674 2509 868 2593 defenditur,
891 2514 922 2578 in
944 2532 1035 2603 quem

271 2623 411 2692 iufundit
433 2649 498 2693 sese
520 2644 651 2717 septeno
672 2629 799 2721 gurgite
824 2627 946 2696 Nilus.v

268 2740 352 2830 Quae
376 2759 495 2808 restant
518 2744 617 2809 latera
639 2746 711 2811 indo
733 2746 813 2827 duo,
832 2742 896 2810 duo
917 2740 1035 2810 brachia
1058 2736 1119 2812 Nili
1224 2760 1225 2783 ³

269 2853 397 2926 Ultima
419 2859 629 2925 constituunt.
653 2860 735 2927 Httc
757 2862 840 2927 inter
864 2854 1003 2942 brachia,
1025 2862 1148 2950 quinque

269 2969 308 3049 Ia
329 2996 415 3040 mare
438 2975 607 3066 gurgitibus
629 2994 687 3066 per
708 2975 837 3043 Deltam
860 2974 997 3044 soluitur
1019 2977 1126 3044 amnis.

326 3088 465 3181 Magnus
485 3091 522 3155 ab
536 3089 728 3181 Mopsum
741 3094 854 3183 eampis
869 3093 1058 3184 nigrantibus
1072 3088 1165 3169 annis,

270 3203 441 3288 Volvitur,
465 3224 561 3295 atque
581 3226 644 3274 uno
664 3211 758 3300 longe
780 3211 917 3277 deturrlt
940 3209 972 3274 in
985 3210 1073 3275 alveo

220 3402 223 3405 Ι
270 3314 383 3409 Usque
401 3323 441 3387 ad
456 3323 636 3412 planitiem,
658 3344 718 3415 qua
741 3322 839 3417 surgit
861 3326 991 3391 maxima
1009 3317 1156 3421 Memphis

268 3434 463 3516 Pyramidum
485 3438 649 3531 aggeribin
674 3457 779 3509 totum
796 3430 949 3519 celebrati
975 3462 1032 3530 per
1046 3428 1162 3538 orbem:¹
