2492 4100
245 289 311 349 '32⁴
543 255 887 345 PHARSALIA.

238 414 429 499 „Possidet.
451 410 605 478 Inmensae
627 409 791 491 Cyllenius
811 410 928 476 arbiter
949 411 1038 477 unde
1051 431 1117 481 est.

238 528 369 616 „Hunc
393 528 443 593 ubi
466 548 534 617 pars
554 524 630 593 coeli
652 525 774 609 tenuit,
794 548 854 617 qua
875 525 970 592 mixta
983 524 1098 593 Leonis

238 646 374 732 „Sidera
395 661 467 710 sunt
490 640 637 722 Cancro,
657 642 778 731 rapidos
799 663 857 731 qua
878 639 973 708 Sirius
993 643 1080 735 ignes

238 812 262 848 „
273 762 403 842 Euenit,
424 759 459 827 dt
482 758 556 824 varii
578 773 717 824 mutator
739 757 871 824 circulus
890 757 964 823 anni

238 876 471 970 „.AEgoceron‚
492 874 711 963 Cancrumque
733 890 841 954 tenet,
863 874 913 939 cui
934 873 1052 940 subdito
1065 873 1132 941 Nili

237 994 337 1080 „Ora
359 994 474 1058 latent:
497 1009 565 1079 quae
583 1012 677 1077 quum
693 988 835 1055 domiuus
847 988 997 1080 percussit
1012 1011 1161 1080 aquarum

238 1109 351 1201 „Igne
371 1106 558 1197 superjedio‚
584 1123 660 1171 tunc
676 1105 764 1174 Nilus
784 1102 874 1173 fonte
895 1106 999 1171 soluto

239 1277 262 1312 ,‚
273 1226 367 1307 Exit,
390 1241 425 1288 ut
448 1222 591 1289 Oceanus
613 1220 767 1287 lunaribus
787 1220 987 1289 incrementis
1072 1227 1076 1234 '

237 1340 370 1429 „Jussus
391 1340 496 1421 adest,
518 1336 682 1425 nudusque
703 1359 770 1404 suos
793 1360 853 1402 non
877 1353 951 1403 ante
972 1353 1116 1419 coartat,

237 1457 372 1549 „Qum
395 1478 455 1522 nox
478 1455 598 1519 aestivas
622 1475 640 1517 a
662 1454 727 1519 soie
748 1454 902 1541 receperit
923 1452 1026 1518 horas.

281 1575 403 1658 „Vana
426 1571 500 1637 fides
515 1587 672 1649 veterum,
695 1568 788 1650 Nilo,
808 1591 871 1658 quo
884 1585 1005 1638 crescat
1018 1568 1050 1633 in
1065 1591 1164 1650 arva‚.

236 1689 458 1779 „AEthioputn
482 1687 622 1777 prodesse
644 1686 746 1752 nives.
770 1684 840 1753 Non
855 1681 965 1751 Aruns
985 1686 1018 1751 in
1037 1685 1110 1749 illis'
1158 1741 1164 1748 .

235 1853 261 1891 „
269 1806 450 1886 Montibus,
473 1821 526 1870 aut
540 1802 670 1868 Boreas.
695 1797 800 1867 Testis
822 1800 877 1866 trii
900 1800 965 1866 sole
986 1799 1101 1890 perusti
1154 1857 1161 1863 .

234 1923 338 2013 „Ipse
359 1922 445 1988 color
466 1919 590 2009 popuii,
612 1918 764 2007 calidique
785 1917 942 2006 vaporibus
961 1912 1089 1983 Austri.

233 2089 259 2125 „
269 2037 379 2120 Adde,
400 2036 481 2125 quod
490 2057 582 2102 omne
595 2052 689 2124 caput
699 2032 802 2117 fluvii,
824 2033 1038 2123 quodcumque
1053 2032 1147 2100 soluta

232 2150 448 2243 „Praecipitrt
470 2152 600 2245 glacies,
622 2151 759 2242 ingresso
783 2171 857 2216 vere
880 2150 1025 2215 tumescit

234 2263 368 2355 ,AErina
389 2272 459 2335 tabe
482 2268 572 2334 nivis:
595 2266 684 2341 Nilus
705 2286 803 2354 neque
824 2264 952 2331 suscitat
974 2264 1067 2331 undas

234 2384 355 2471 „Ante
370 2381 465 2450 Canis
490 2384 607 2466 radios,
632 2404 688 2448 uec
711 2381 786 2472 ripis
806 2381 924 2472 adligat
944 2402 1066 2448 amnem

232 2501 353 2588 „Ante
377 2524 482 2591 parem
505 2498 602 2580 nodi,
623 2496 718 2565 Libra
738 2497 792 2564 sub
812 2496 933 2580 judice,
958 2493 1127 2578 Phoebum
1153 2555 1158 2583 :

232 2669 256 2703 ,‚
265 2614 363 2686 Unde
384 2617 479 2684 etiam
503 2616 586 2707 leges
607 2614 736 2680 aliarum*
748 2613 856 2680 nescit
872 2618 1034 2703 aquarum:

230 2733 331 2821 „Nec
356 2751 457 2801 tumet
478 2732 766 2818 hybernus,·quuns
780 2730 875 2821 longe
896 2729 962 2794 sole
981 2736 1102 2796 remoto
1152 2790 1157 2795 .

230 2848 383 2935 „officiis
404 2866 490 2916 caret
510 2846 589 2913 unda
611 2847 685 2912 suis:
708 2846 783 2913 dare
804 2848 897 2926 jussus
918 2843 1024 2935 iniquo

228 2962 464 3058 „Temperiem
487 2961 589 3044 coeio,
612 2960 722 3028 mediis
742 2962 898 3027 aestatibus
919 2960 1002 3041 exit,

228 3080 322 3171 „Sub
344 3096 493 3147 torrente·
508 3078 615 3169 plaga:
638 3098 708 3143 neu.
720 3094 820 3144 terras
838 3076 963 3166 dissipet
984 3075 1080 3167 ignis,

227 3195 347 3284 „Nilus
368 3197 455 3263 adest
477 3193 607 3276 mundo,
628 3210 798 3282 contraque
818 3191 941 3260 incensa
962 3189 1075 3258 Leonis

225 3310 329 3400 „Ora
352 3328 470 3378 tumet:
493 3307 681 3400 Cancroque
702 3330 786 3376 susm
806 3324 950 3375 torrente
971 3302 1111 3388 syenen,

205 3427 440 3521 .‚,Implotttus
460 3427 563 3496 adest:
583 3446 707 3517 campos
727 3448 785 3496 uec
798 3424 907 3493 liberat
922 3422 1028 3521 nudis,
1123 3514 1127 3521 ,
