2492 4100
235 334 299 385 en
450 296 924 373 SUPPLEMENTUM'

228 452 418 544 „Scipiadas
434 468 596 522 ostentent
616 466 817 535 monmnentn
836 448 998 540 nepotibus
1027 430 1154 515 Astilss.

227 569 322 639 Tunc
344 571 425 639 lutus
446 590 521 638 ense
544 565 642 651 l'odit,
663 590 722 635 nee
742 588 782 635 eo
801 576 968 634 contentus
987 563 1021 632 in
1041 585 1147 655 requos

227 685 378 774 Prosilit;
398 685 498 755 emissi
518 685 637 779 spargit
659 706 728 775 pnrs
747 698 880 749 transtra
900 681 1016 751 oetion

227 803 405 897 Sanguinis:
427 822 586 891 mquoreos
605 799 704 891 tingit
724 820 794 889 pars
817 798 919 865 altera
939 797 1071 886 ΗιιᾶιιεςΔ

229 917 458 1012 Migrantique¹
471 916 582 985 animm
603 912 702 983 latum
724 938 785 985 non
811 912 920 981 sufficit
942 936 1055 982 unum.

227 1033 416 1104 Denenson
439 1032 582 1099 monstris
603 1035 706 1114 iacet,
726 1029 822 1098 eheu!
843 1031 949 1120 praedn
969 1030 1091 1101 marinis

228 1149 339 1223 Nobile
363 1147 513 1238 Scipiadae
533 1168 664 1238 corpus,
687 1168 745 1217 nec
765 1146 894 1237 colliget
915 1154 998 1217 urna'

228 1266 353 1336 Flebilis
374 1264 430 1330 lnos
449 1264 589 1349 cineres3
613 1282 673 1329 nec
694 1278 783 1329 tanto
804 1262 928 1329 nomine
948 1264 1056 1356 dignas

228 1381 383 1470 Exequias
404 1377 460 1445 tubi
482 1377 585 1446 Roma
606 1377 708 1466 dabit3
729 1378 999 1470 passisre'capillis

229 1496 422 1589 Scipiadem,
444 1511 619 1563 extremum
641 1495 782 1588 generis,
804 1495 922 1586 lugebit
954 1495 1145 1585 ademptum.

289 1610 427 1706 Agmina
447 1610 487 1678 de
508 1612 623 1701 campis
644 1611 752 1702 passim
773 1607 922 1701 fugientia
942 1610 1064 1678 nonnas

230 1724 416 1820 implessent
436 1728 554 1820 magnis
576 1725 686 1809 Libyae
708 1726 874 1793 terroribus
893 1750 976 1797 oras.
1029 1738 1032 1745 ⁴

80 1839 87 1851 ’
230 1840 383 1915 Praesidiis
397 1860 471 1911 ¹tum
493 1842 577 1910 forte
598 1840 728 1912 Uticam
749 1839 835 1909 Cato
856 1843 963 1910 nobilis
985 1842 1092 1911 urbem

231 1957 377 2032 Ausoniis
399 1959 516 2027 tenuit:
538 1959 591 2050 qui
615 1976 689 2026 nota
709 1959 796 2026 clade
817 1957 947 2029 Senatus

229 2077 439 2168 Scipiadaeque
461 2073 549 2168 luga,
572 2074 715 2143 viiiorem
728 2093 845 2143 'arcere
865 2076 1011 2167 parabat,

229 2191 452 2280 Hortaturque
472 2211 541 2258 suos
560 2192 662 2259 alacer
685 2187 852 2259 defendere
874 2214 991 2259 muros.

229 2308 293 2378 Sed
315 2305 444 2375 frustrat
471 2307 530 2376 lucu
552 2308 677 2374 nimium
700 2307 885 2396 trepidantia
907 2308 1030 2398 pedona
1042 2306 1144 2376 sensit!

229 2423 275 2495 Et
297 2423 406 2496 villum
428 2420 507 2491 fama
531 2449 590 2490 non
614 2424 667 2492 uisi
687 2421 820 2492 Caesaris
839 2446 968 2516 agmen.

230 2535 317 2607 Tum
339 2539 424 2609 Cato
443 2515 592 2608 militibus
612 2540 698 2606 vultu
720 2540 897 2614 immutatus
916 2540 1027 2608 eodem

229 2650 356 2750 Ignovit
378 2655 508 2745 paridis.
532 2650 631 2722 Ultro
652 2635 837 2747 fngientibus
860 2657 926 2745 ipse

229 2766 413 2863 Prospexit,
433 2771 542 2839 classes
563 2788 656 2861 portu
677 2772 833 2838 contraxit
853 2773 891 2840 ab
915 2771 1000 2837 omni
1144 2833 1148 2838 .

228 2886 365 2971 Vicino,
387 2907 548 2978 remosque
572 2887 659 2955 dedit
680 2887 912 2977 properantibus
933 2903 1038 2978 aptos.

228 2999 499 3093 Quantumque,
521 3025 605 3072 suam
626 3004 763 3094 quamvis
784 3005 958 3093 projecerat
978 3004 1059 3094 ipse,

228 3115 303 3208 Non
325 3119 507 3211 dedignatur
533 3117 652 3186 Dullor
672 3139 780 3187 curare
801 3120 950 3187 salutem.
997 3181 999 3186 ,
1029 3185 1034 3192 ,

228 3229 350 3303 Solatus
372 3236 455 3328 cives
477 3232 586 3304 Uticae
598 3286 609 3320 ,
632 3234 667 3305 tit
690 3235 874 3327 trepidantia
897 3211 996 3303 usrbls

226 3343 354 3418 Pedlora
374 3348 555 3420 confirmans
575 3352 720 3442 placidis,
735 3347 833 3444 'duam
852 3368 938 3422 certa
959 3331 1082 3443 supersit
1110 3375 1116 3384 ·

227 3464 303 3555 Spes
325 3466 384 3545 illis
405 3469 522 3553 veniae,
543 3465 627 3537 ordis
649 3469 819 3537 clementia
841 3478 956 3559 quanta
1146 3551 1149 3555 Ἢ
