2492 4100
363 200 560 283 ιιιιιιιιιι
583 146 648 289 ιι
670 208 844 289 norm.
1026 238 1070 303 ι,

120 362 189 427 Pag·
211 361 261 409 roo
281 350 326 411 sic
343 352 441 409 mundi
458 363 505 408 ors.
526 356 565 408 Sic
592 369 697 422 utraque
724 372 789 412 zona
815 358 909 430 frigida
933 361 1070 427 tenebris,

163 441 187 484 or
206 434 333 499 perpeteris
351 429 475 482 imbribus
493 427 607 482 obnoxia
622 444 678 486 ests
697 442 726 484 at
744 448 793 484 sno
810 430 905 501 frigore
922 452 993 489 zonae
1018 453 1070 492 rne-

163 504 212 556 dia
231 519 325 556 astum
345 515 491 567 temperat,
509 515 538 552 ut
557 501 697 563 interjeiiae
716 503 769 556 sint
785 503 955 559 habitabiles.
1064 551 1066 554 ,

201 573 266 637 Sit,
283 593 298 629 o
316 591 424 630 tumme
439 582 487 627 &c
505 574 668 641 Apostrophe
685 566 720 628 ati
735 578 848 645 Jovem,
867 582 1067 647 &Neptunum

165 666 226 702 eum
246 658 308 702 voto
326 662 355 701 ut
373 645 469 700 bellum
487 645 564 699 eiolle
581 645 680 699 diluvio
699 662 837 717 mergant.
856 655 932 705 Sorte
948 650 1069 706 secunda

163 732 212 775 &o
229 723 302 773 Cui
296 738 324 774 sn
343 719 472 775 divisione
486 721 557 790 regni
575 721 678 774 Saturni
696 721 806 791 contigit
825 725 963 792 imperinm
983 724 1068 795 pelagi

165 811 235 848 sorte
253 794 388 849 secunda·

201 876 238 923 Et
252 881 303 943 pat
321 861 433 925 Pbobur
449 863 528 940 aquis
553 875 600 920 irc.
627 870 664 920 Η.
682 883 705 919 e.
730 862 912 938 Dispergendis
937 868 1070 937 nubibus,

164 955 243 1011 arque
260 944 286 995 in
306 944 441 995 raritatem
460 949 485 994 ot
503 942 634 994 candorem
653 941 777 993 vellerum
796 943 979 996 attentandis.

126 1011 492 1082 Pag0107Prirnamcana
510 1021 556 1066 tre.
577 1019 691 1077 Imperat
708 1016 793 1069 Caesar
810 1032 877 1070 rates
895 1031 928 1067 tx
948 1015 1069 1071 salicibus

167 1089 358 1155 viminibusque
375 1090 505 1139 contextis
522 1085 597 1148 fieri,
614 1086 1047 1156 easquecotiisbubulisclrcumsui
1058 1124 1069 1141 .

186 1157 381 1246 Memphitis.
400 1162 469 1212 H..e
489 1161 659 1228 AEgyptiacar
679 1161 806 1228 Memphis
823 1161 894 1214 enim
905 1161 1022 1231 AEgypti
1030 1179 1070 1215 re

166 1234 210 1304 gia
228 1236 299 1288 fuit·
384 1268 386 1275 ι

205 1305 345 1362 succisam
361 1323 475 1362 curtare
493 1323 603 1361 nemus·
621 1310 658 1360 H
678 1322 702 1361 e.
721 1309 855 1364 Materiam
874 1309 948 1379 ponti
967 1268 1066 1363 ιἰιιιιι·

168 1381 202 1434 do
220 1370 389 1434 necessaiiarn
407 1379 550 1434 succidere

203 1459 237 1510 in
255 1449 357 1508 ultima
373 1449 487 1507 mundi.
506 1456 539 1505 in
557 1454 701 1506 ulteriorem
720 1456 891 1525 Hispaniam.

128 1533 195 1615 Peg·
216 1529 263 1578 roi
278 1530 395 1598 Jamque
410 1525 519 1600 agmina
536 1540 644 1578 samma
661 1532 709 1577 &e
733 1530 871 1595 Equitatns
888 1528 999 1585 casaris
1021 1545 1069 1582 no-

168 1602 304 1657 vissimum
330 1599 443 1653 hostium
460 1613 562 1666 agmen
579 1611 750 1683 consecutus,
775 1616 888 1667 premere
905 1616 966 1664 eos,
984 1619 1070 1656 mora·

171 1677 212 1742 ti,
229 1688 307 1743 atque
324 1673 374 1725 iter
392 1671 513 1738 impedire
531 1671 626 1736 erepit

205 1752 267 1802 Nec
283 1744 365 1800 liceat
382 1750 429 1797 &c
446 1745 486 1795 Ne
504 1758 608 1808 pereant
627 1743 713 1811 ignavi
733 1744 895 1815 &fugientes
910 1750 1022 1814 acceptis
1039 1750 1068 1802 in

170 1816 580 1890 tergovolnetibus,contertite3
590 1816 883 1885 excipiantqueadtetso
891 1819 991 1888 petiere
999 1820 1068 1874 tela

207 1898 270 1947 Nec
288 1891 425 1976 Romanus
449 1895 496 1941 &c-
521 1889 655 1963 Qrotquot
679 1903 753 1945 erant
776 1897 805 1944 in
830 1894 946 1967 utrisque
973 1893 1070 1946 castri

171 1965 305 2027 Romani,
323 1979 349 2016 se
368 1962 479 2015 invicem
497 1963 686 2028 agnoscebant·

132 2044 197 2112 Pag.
217 2056 267 2108 ιο,
284 2031 406 2092 classica
423 2030 489 2091 dont
505 2030 587 2091 bollo
606 2040 644 2090 H.
660 2053 686 2093 e.
705 2037 850 2108 imperator
865 2038 1001 2095 classicum
1025 2055 1070 2094 cr·

174 2131 235 2169 nere
252 2112 353 2200 iubeat·
488 2121 494 2129 ‘

208 2185 326 2242 Venturi
342 2181 487 2241 discrimen
503 2193 550 2241 &a
568 2184 702 2240 Hatienus
719 2203 776 2257 quae
793 2183 864 2242 faor
879 2201 944 2241 sunt
961 2199 1070 2240 excusa·

172 2264 195 2316 ti
212 2260 302 2329 aliquo
320 2262 394 2313 modo
411 2265 584 2327 possunt.1n
603 2274 730 2325 posterum
749 2277 809 2314 vero
834 2275 959 2331 magnum
984 2261 1071 2312 immi·

174 2347 221 2387 net
239 2332 397 2401 periculum.
416 2349 477 2388 nam
495 2333 546 2385 nisi
563 2331 705 2386 abstinetur
723 2350 739 2386 a
756 2333 838 2402 bello,
854 2350 945 2387 omnes
960 2330 1073 2385 manife-

172 2421 215 2461 sto
232 2404 321 2460 scelere
338 2405 508 2461 contaminati
526 2415 628 2457 necesse
644 2419 702 2459 est.
728 2371 838 2460 Periere,
861 2402 983 2461 latebra
1009 2406 1071 2471 Jam

173 2496 201 2534 se
218 2478 354 2546 impietatis
371 2494 493 2531 excusare
512 2492 565 2532 non
584 2490 713 2566 possunt,
730 2478 918 2548 qniaviderunt
936 2491 963 2532 se
980 2489 1072 2531 contra

176 2552 332 2607 necessarios
349 2569 423 2607 arma
442 2550 524 2605 forre.

211 2630 289 2679 Nom
304 2635 442 2700 postquam
458 2619 506 2678 ors.
525 2628 610 2694 Namq
613 2639 644 2678 ue
662 2622 759 2696 legatos
776 2626 807 2680 ad
814 2628 940 2681 cesarem
957 2623 989 2675 de
1008 2637 1069 2689 pace

177 2699 319 2784 miserant,
337 2697 411 2750 fidem
429 2696 461 2750 ab
478 2713 508 2749 eo
524 2698 555 2749 de
573 2715 639 2760 sua,
656 2699 686 2750 de
704 2699 791 2760 Petreji
810 2695 948 2753 &Afranii
966 2695 1021 2749 vita
1028 2710 1071 2762 pe

179 2773 295 2838 tierent,
311 2787 339 2824 se
357 2770 444 2824 statim
463 2773 536 2839 signa
554 2770 725 2825 translaturos
741 2776 922 2838 promiserant
968 2794 971 2800 ·

140 2843 203 2913 Pagi
222 2860 271 2896 uo
290 2846 355 2898 Non
370 2850 443 2914 poter
460 2851 509 2897 ore·
526 2844 602 2908 Qrod
619 2849 642 2897 si
660 2861 754 2898 caussis
769 2848 877 2898 &natus
894 2840 1011 2895 defensor
1019 2854 1072 2892 non

178 2931 248 2983 potes
265 2915 379 2983 efficere,
396 2927 424 2966 ut
441 2913 619 2969 viiioCaesare
636 2914 759 2969 libertatis
776 2918 863 2983 patria
883 2912 1073 2971 vitiorredtass

176 2988 268 3043 saltem
287 2987 440 3053 herpone,
458 3000 487 3039 ut
505 2986 674 3042 rideservata
693 3004 806 3059 pugnes,
825 2988 891 3040 dum
907 2987 1050 3052 vincaris„

213 3055 304 3115 Nullo
319 3056 488 3115 discrimine
507 3061 698 3125 Pompeianos
691 3075 771 3126 inter,
787 3070 813 3115 oe
829 3063 1021 3114 Cesarianos.

214 3139 282 3187 Non
299 3131 346 3188 boc
361 3129 458 3187 civilia
474 3127 543 3186 bolla
559 3140 607 3184 orc-
624 3132 721 3187 Civilia
738 3133 803 3188 bella
826 3134 1000 3201 suscipimus,
1019 3146 1074 3184 non

180 3216 211 3257 ut
227 3206 362 3272 vivamus,
378 3203 423 3258 seri
441 3219 469 3258 ut
486 3204 630 3258 libertatem
648 3219 785 3271 tueamur,
804 3208 844 3262 vel
862 3203 1002 3276 pugnando
1019 3219 1075 3256 mo-

180 3278 294 3332 riamnr'·

159 3351 318 3409 Hortos
335 3360 426 3427 neotpo
441 3319 511 3411 nni
527 3357 576 3408 tre·
593 3352 688 3409 Hostes
705 3350 783 3413 fidens
798 3353 912 3410 seleseo
930 3359 954 3407 tt
972 3321 1076 3417 inirntn
