2492 4100
267 308 327 374 31⁶
558 278 903 361 innuuntur.

161 485 165 494 x
264 440 350 528 Iret;
372 463 411 507 an
432 440 566 529 eriperet
587 421 701 508 mundo
727 438 952 531 Memphiticus
972 428 1050 505 ensis

263 555 417 639 vidonis,
440 554 569 644 vidiique
593 573 704 647 caput.
725 551 799 622 Tua
819 550 934 644 profuit
946 554 1076 636 umbra,

262 671 403 764 Magne,
425 671 471 737 tui
491 689 630 738 socerum
651 690 783 761 rapuere
804 692 822 736 a
844 671 991 761 sanguine
1012 681 1138 737 maness'

263 788 313 857 Ne
334 787 463 878 populus
483 804 553 876 post
575 805 609 854 te
631 785 737 855 Nilum
758 782 916 853 Romanus
935 800 1054 852 amaret
1076 792 1138 871 (1),

262 903 339 971 Inde
361 902 564 970 Paraetouiam
585 899 686 969 fertur
707 924 830 970 securus
850 903 882 966 in
903 901 1028 983 urbem,

166 1011 168 1014 ’
261 1008 397 1111 Pignore
418 1035 483 1085 tum
504 1017 578 1083 saesi
598 1015 721 1085 sceleris
741 1035 793 1084 saa
816 1013 902 1110 sigua
923 1031 1059 1086 seeutam
1078 1021 1140 1103 (ηε

261 1132 322 1202 Sed
345 1131 470 1200 fremitu
491 1134 575 1225 vulgi
595 1130 709 1216 fasces,
731 1131 766 1200 ἀ
787 1137 854 1216 jum
873 1119 1034 1222 querentis
1151 1109 1169 1164 'u

260 1245 373 1315 Inferri
394 1246 538 1315 Romans
556 1249 636 1331 suis,
657 1248 805 1317 discordia
821 1234 925 1316 'sensis

259 1355 404 1443 Pedium,
425 1361 460 1432 dt
481 1363 628 1454 ancipites
648 1364 782 1448 animos,
804 1364 1020 1456 Magnumque
1040 1359 1146 1453 perisse

260 1478 336 1548 Non
357 1480 433 1545 sibi.
454 1477 540 1554 Tum
563 1472 650 1547 vultu
673 1502 792 1570 semper
812 1477 935 1546 celante
956 1499 1098 1569 pavores,

259 1591 435 1686 Intrepidus
459 1597 605 1687 supersim
626 1596 732 1678 sedes,
753 1595 790 1664 &¹
809 1595 924 1685 templu
944 1596 1064 1662 vetusti·

259 1709 419 1795 Numinis,
441 1713 580 1805 antiquas
601 1692 768 1780 Macetdm
792 1711 939 1778 testantia
962 1711 1059 1793 vires,

257 1824 430 1896 Grmnit:
452 1827 487 1895 δε
511 1827 593 1894 nulla
614 1845 721 1918 captus
740 1828 901 1895 dulcedine
922 1846 1044 1908 rerum,
1099 1873 1103 1878 -
1130 1885 1138 1900 ,

259 1943 330 2012 Non
354 1966 449 2025 auro,
471 1944 620 2032 cultuque
641 1944 754 2026 dudm,
777 1967 838 2010 non
861 1943 1010 2012 moenibus
1031 1942 1120 2024 urbis,

200 2092 203 2098 ²
258 2057 410 2129 Effossum
433 2059 557 2127 tumulis
579 2061 690 2150 cupide
710 2060 867 2128 descendit
889 2061 1081 2126 iu-uutrum.

256 2168 327 2239 lllic
351 2173 459 2241 Pellaei
490 2175 591 2265 proles
615 2197 724 2242 vesana
745 2175 879 2266 Philippi
912 2200 916 2206 ·

257 2282 346 2355 Felix
368 2291 473 2380 praedo
494 2295 593 2372 jacet:
615 2308 766 2358 terrarum
789 2292 908 2361 uindice
926 2287 1012 2356 dato’
1048 2316 1053 2325 ’

256 2403 396 2495 Raptus:
416 2408 539 2473 sacratis
561 2424 663 2473 toturn
685 2409 852 2500 spargenda
875 2429 931 2499 per
951 2409 1053 2475 orbem

255 2518 401 2589 hiemum
424 2523 481 2589 siri
503 2543 633 2612 posuere
654 2524 770 2604 adytis:
794 2507 930 2592 Fortuna
952 2521 1084 2615 pepercit
1145 2554 1150 2561 =

254 2627 420 2720 Manilium,
441 2637 476 2706 δε
501 2641 589 2727 regni
610 2638 733 2706 duravit
753 2641 792 2706 ad
814 2641 921 2707 ultima
942 2636 1053 2706 fatum.

254 2751 334 2821 Nam
355 2755 410 2820 sibi
433 2755 556 2820 libertas
577 2777 722 2845 umquam
743 2755 768 2819 si
790 2756 933 2822 redderet
955 2757 1074 2836 orbem,
1171 2771 1178 2779 ·
1240 2740 1242 2809 l

241 2864 402 2936 -Ludibrio
422 2887 557 2937 servatus
579 2890 666 2953 erat,
688 2894 750 2953 uon
775 2871 852 2940 utile
873 2870 986 2939 mundo

252 2980 361 3051 Editus
382 2988 574 3076 exemplum,
604 3004 702 3053 terras
722 3002 772 3052 tot
792 3008 879 3078 posse
907 2987 960 3054 sub
980 3009 1040 3054 uuo
1140 2988 1144 2995 '

252 3096 326 3165 Esse
350 3101 435 3167 viro.
457 3100 624 3170 Macettim
649 3102 742 3184 lines,
764 3102 956 3192 latebrasque
975 3116 1089 3169 suorum

252 3207 418 3299 Deseruit,
441 3216 590 3310 sitiasque
618 3218 698 3310 putri
720 3218 859 3311 despexit
883 3217 1038 3287 Atheuusz
1133 3208 1162 3307 ⁵,

204 3458 205 3463 ,
287 3405 329 3478 (1)
347 3402 450 3461 haberet
468 3395 520 3466 vul
529 3426 557 3465 o.

289 3478 332 3553 (ι)
352 3494 451 3536 usurus
529 3496 560 3541 α,
