2492 4100
329 222 525 303 LIBRUM
545 222 592 297 11.
613 224 789 300 NOTAEss
991 262 1030 322 sp

74 395 79 401 ·
121 370 254 433 allium
271 369 299 426 in
319 384 412 427 mutuo
429 368 538 426 alterum
557 369 787 441 alterius-aspecta·
799 374 937 434 laceravit.

161 444 324 506 Tribunicio
342 453 390 500 otc.
410 449 501 499 Locus.
514 442 557 497 ille
575 447 602 498 in
622 460 744 509 carcere,
762 446 947 505 undemaltfici
966 469 1032 522 με.

121 521 319 592 cipitabantur,
345 516 447 574 maduit
469 516 707 589 sanguine-Licinii
725 519 837 574 Tribuni
861 525 1032 594 magistratus

121 593 293 652 sacrosantil·
778 619 780 623 ·

159 663 276 724 Violatae
293 671 343 722 ne.
360 668 397 722 Et
415 665 478 737 quia
495 664 577 721 tader
594 665 622 719 ln
633 665 698 743 >cius
715 664 812 736 templo
836 682 940 738 patrata
963 669 1033 741 fait,

120 749 148 798 ot
168 744 228 809 quia
246 745 324 795 Pont.
343 744 419 795 Max·
436 752 494 793 erat
513 738 648 795 Scaevola.
745 780 747 785 .
979 786 983 791 ,

157 810 210 872 ille
217 809 283 889 fuit
302 819 350 869 icc.
371 815 445 868 intra
462 811 515 866 dies
532 828 612 883 quam
631 811 726 870 inierat
751 815 889 881 septimum
906 816 1046 874 Consula,

120 900 181 942 tum
191 886 330 953 tredecim,
350 885 440 941 morbo
457 885 560 941 laterali
570 887 706 942 &insania
723 887 788 940 obiit
804 898 1033 953 annosnatusjo.

78 962 153 1031 Pag·
175 972 210 1022 46
226 964 290 1030 Iam
307 973 372 1034 quor
390 968 438 1015 &c-
458 959 566 1014 Transit
585 961 643 1024 jam=
659 960 692 1012 ad
709 959 847 1017 horrendas
863 962 947 1018 clades
966 965 1035 1021 inter

123 1032 225 1091 Sullam
243 1051 277 1088 ex
294 1036 357 1090 Asia
383 1034 523 1100 reducem,
546 1035 580 1087 ἀ·
596 1034 709 1087 Marium
735 1034 883 1097 iuniorem,
909 1035 1033 1094 vicesimo

123 1111 214 1162 aetatis
232 1125 284 1161 sua
301 1124 372 1164 anno
389 1105 527 1161 Consulem
553 1103 668 1159 fanum·
694 1111 775 1160 Hunc
799 1108 831 1161 ad
855 1108 1035 1179 Sacriportum

121 1180 195 1236 haud
212 1180 298 1249 procul
315 1199 331 1237 a
349 1183 476 1235 Praeneste
492 1178 562 1233 Sulla
581 1176 666 1232 fudit.
684 1180 772 1246 Qum
790 1192 880 1234 autem
899 1184 1031 1239 Praeneste

119 1252 250 1324 fugisset,
274 1261 298 1309 tc
324 1253 359 1307 ibi
384 1253 496 1309 aLucr·
516 1248 604 1307 Ofella
622 1249 698 1305 sulio
722 1251 806 1322 legato
830 1253 947 1309 obsessus
971 1272 1030 1312 non

121 1342 213 1395 posset
230 1327 358 1390 evadere,
376 1339 485 1379 mortem
510 1323 557 1379 sibi
581 1328 728 1380 conscivit·
752 1324 825 1380 Sulla
849 1331 1029 1396 Lamponium

121 1409 150 1455 ἀ
171 1401 318 1453 Felesinum
336 1398 491 1454 Samnitium
511 1399 608 1460 (loces,
626 1396 673 1468 qui
691 1397 724 1453 ad
742 1400 802 1453 Coa·
820 1398 952 1454 obsidione
971 1400 1035 1457 libe.

122 1473 237 1528 randum
250 1472 427 1538 advenerant,
447 1471 479 1525 ad
497 1472 624 1525 decimum
647 1489 665 1526 a
691 1473 768 1529 Porta
792 1471 897 1531 Collina
918 1475 1032 1533 sudum

126 1559 285 1600 consecutus
303 1560 498 1617 magnastcage
516 1541 600 1596 fudit.

167 1626 250 1675 Tunc
266 1637 349 1691 quum
364 1629 436 1691 pone
453 1625 502 1669 uc.
520 1614 673 1669 Promiserat
691 1614 1026 1692 Mariussamnitibus,qui

73 1731 78 1738 ·
122 1709 141 1747 a
160 1692 213 1747 suis
231 1692 348 1760 partibus
365 1705 511 1752 steterant,
528 1704 556 1743 se
573 1685 764 1744 translaturum
781 1705 863 1759 caput
882 1694 988 1762 Imperii
1011 1711 1031 1752 a

124 1764 256 1822 Romanis
273 1764 305 1820 ad
323 1766 469 1819 Samnites.

163 1832 311 1893 Caudinas
328 1845 375 1892 tec·
394 1837 520 1893 Caudinas
537 1837 647 1898 Furto,
671 1835 723 1890 duo
748 1834 830 1890 saltus
854 1851 919 1892 sunt
952 1840 1033 1894 silve.

126 1925 196 1967 atres
213 1912 335 1981 iugorum
353 1910 420 1964 inter
436 1928 463 1965 se
484 1912 659 1978 perpetuitate
683 1909 782 1976 junilla
811 1908 855 1963 obi
873 1912 991 1967 Romani
1015 1931 1034 1969 a

129 1984 293 2041 Samnitibus
310 1982 358 2038 sub
374 1983 464 2055 jugum
483 1982 570 2037 missi.
735 2022 738 2050 ,
959 1998 985 2011 ”

166 2056 275 2113 Periere
292 2069 416 2122 nocentes
432 2065 480 2113 ccc·
498 2060 624 2112 Mariana
642 2058 724 2126 partis
741 2056 874 2122 fautorest
893 2059 1034 2129 soli-super.

128 2131 203 2187 fuere
222 2130 321 2187 Sullani
339 2139 364 2186 ct
382 2130 430 2199 ipsi
449 2144 586 2185 nocentes.
981 2152 984 2166 =

77 2241 85 2252 ,
166 2210 256 2261 Busta
274 2213 324 2261 cte.
341 2203 466 2261 Latebras
483 2201 634 2277 querebant
650 2204 680 2260 in
696 2203 838 2276 sepulcris,
855 2206 974 2262 &lustris
991 2195 1033 2261 fr·

128 2295 232 2334 mum·

89 2358 157 2425 Pap·
176 2365 209 2413 ar
231 2349 365 2410 scritum
381 2370 433 2412 nan
450 2347 573 2411 'ficecla
589 2361 639 2410 nt.
657 2353 715 2410 lion
734 2367 775 2409 tot
791 2351 905 2410 cedibus
922 2353 1034 2409 infamer

128 2425 252 2490 ficerunt,
270 2444 324 2481 non
343 2440 383 2481 tot
399 2432 485 2496 capita
504 2427 620 2497 postibus
628 2428 808 2492 misenate,
824 2426 1032 2484 DiomedesRex

129 2501 268 2561 Thraciae,
285 2499 330 2570 qui
349 2517 428 2569 equos
446 2500 568 2556 humanis
586 2500 703 2555 carnibus
718 2501 809 2568 pavit,
827 2500 1035 2567 AntaeusLibye

129 2576 220 2645 gigas,
237 2571 282 2642 qui
300 2572 411 2643 hospites
428 2575 459 2629 ad
477 2576 624 2642 palestram
642 2587 790 2641 provocatos
809 2573 941 2642 citiusque
966 2572 1035 2628 occi·

130 2647 187 2774 gir,
205 2659 357 2717 unomaus,
373 2648 417 2719 pul
435 2645 495 2702 filiae
512 2663 566 2703 auo
584 2663 674 2717 procos
691 2662 768 2701 curru
784 2661 938 2701 consecutus
957 2649 1035 2720 inter·

146 2723 215 2775 ecit.
487 2759 489 2762 ψ
516 2747 518 2752 ·

170 2788 404 2869 Quumjamtabc
421 2802 467 2850 otc.
485 2795 624 2864 Postquam
638 2803 757 2860 corrupta
770 2805 972 2860 erantcorpora,
989 2809 1035 2861 pa·

133 2880 219 2923 rentes
237 2868 346 2932 eadem,
364 2872 384 2921 si
404 2866 469 2922 forte
485 2881 639 2940 cognoscere
655 2879 798 2935 poterant,·
818 2862 908 2919 ftutim
932 2866 1036 2922 sumta·

131 2939 248 3002 nebant,
265 2957 298 2995 ur
315 2940 471 3009 sepelirent.

168 3012 266 3068 omnia
282 3010 405 3069 Sullana
422 3021 469 3067 otc.
489 3016 525 3067 H.
534 3029 559 3066 e.
578 3010 738 3083 Exploraase
755 3010 836 3064 oculis
853 3015 941 3066 omnia
959 3010 1036 3069 cada·

111 3101 215 3158 ¹nera,
233 3083 341 3145 Sullana
357 3101 418 3155 pace
435 3085 488 3150 iam
506 3086 664 3156 incipiente,
679 3085 788 3141 cordium
805 3101 899 3153 nempe
923 3083 975 3139 fine
992 3101 1036 3155 pe·

132 3160 220 3215 racio·
425 3205 428 3211 ,
760 3209 763 3212 .
1092 3207 1099 3214 s

172 3226 259 3305 Quid
280 3229 411 3308 sanguine
436 3239 485 3288 lec.
504 3233 539 3300 0,.
555 3229 692 3287 nonarius
715 3230 840 3295 Catulos,
864 3234 912 3301 qui
937 3227 1037 3300 collega

132 3301 222 3361 fuerat
242 3306 337 3368 Marii,
354 3314 378 3360 aa
395 3322 454 3359 cum
472 3321 504 3359 eo
521 3306 554 3358 de
571 3304 691 3372 cymbris
709 3302 898 3372 triumpharat,
915 3304 958 3358 ubi
975 3317 1003 3357 se
1020 3319 1039 3357 a

133 3375 219 3433 Matio
237 3377 316 3433 morti
334 3378 493 3434 destinatum
509 3378 630 3444 audivit,
646 3377 675 3431 in
692 3375 811 3431 eubiculo
828 3393 877 3431 suo
889 3374 1039 3432 tetecum!-

131 3467 165 3508 ce
182 3448 269 3520 illito,
285 3451 395 3514 necdum
412 3454 571 3531 persecare,
588 3448 743 3512 cubonibus
757 3453 873 3510 accensis
885 3446 1038 3526 sponteauf·
