2492 4100
278 211 280 214 ’
316 222 789 341 procuraverim
972 240 1016 325 4,

105 364 193 436 clon23
218 391 276 447 qua
295 368 357 435 anre
373 377 495 429 inventas
518 370 607 445 fruges
623 373 709 443 primis
734 372 881 431 hominibus
905 376 1014 451 glandes

107 448 307 519 suppeditabat.
671 487 679 495 „

146 526 208 577 Ant
226 519 251 576 rr‘
267 515 339 593 quid
352 529 400 574 otc.
421 525 473 574 Aut
497 523 518 575 si
537 538 589 592 qua
608 518 674 577 foret
692 523 742 577 alia
760 523 894 578 divinandi
919 529 1014 595 species

108 597 211 649 occulta
229 595 353 663 quidem,
372 593 415 646 sed
433 596 519 649 licita·

146 662 403 727 Hemonidnrnuc·
424 667 605 723 Thessalarum
633 669 788 734 mulierum,
802 686 922 739 ·quatum
943 686 1014 729 artes

104 739 266 794 incredibilia
284 740 414 801 efficiunt,
431 757 599 809 superantque
618 741 710 795 fidem.

60 818 133 884 Pag.
156 816 205 868 18⁶
225 809 347 868 calebit.
367 812 457 867 Medea
474 830 489 866 e
506 815 608 867 Colchis
628 816 678 867 hnc
698 816 729 868 ab
747 824 842 888 Jasone
860 818 985 873 advebia.

144 890 205 943 Ant
223 901 304 959 quam
322 893 369 939 dcc·
388 886 529 956 Turgidam
548 890 687 958 quamdam
714 889 876 944 carunculam
896 891 1012 962 intellige

103 962 137 1014 in
156 960 243 1014 fronte
262 957 322 1025 pulli
341 958 446 1026 equini,
472 962 557 1014 carica
585 963 781 1029 magnitudine,
805 962 889 1019 colore
915 968 1010 1035 nigro,

69 1100 80 1107 ,
102 1051 186 1103 quam
205 1037 292 1087 statim
310 1031 381 1084 editu
399 1047 470 1098 partu
487 1046 570 1088 mater
594 1033 715 1088 dentibus
739 1034 827 1089 arellit
846 1044 868 1088 or
887 1038 1009 1101 devorata

103 1125 186 1176 quam
205 1105 301 1176 siquis
327 1104 494 1172 praeripuerit,
520 1123 564 1159 seu
589 1108 656 1176 prius
683 1108 830 1176 abstulerit,
854 1110 950 1174 pullum
975 1111 1009 1166 ad

102 1181 184 1232 ubera
203 1195 256 1232 non
274 1177 404 1231 admittit=
423 1180 489 1230 unde
507 1180 584 1250 igitur
602 1183 657 1243 jure
676 1183 768 1251 pignus
786 1182 878 1234 amoris
895 1183 1010 1250 appellas

102 1267 164 1305 tur.
183 1256 259 1305 Hanc
279 1267 341 1304 vero
358 1250 522 1305 carunculam
542 1251 664 1306 venefico
684 1255 803 1306 nitrlieres
819 1258 953 1321 praeripere
967 1272 1008 1310 so·

103 1324 192 1378 lebant
210 1324 242 1379 ad
261 1323 446 1377 medicamenta
464 1325 656 1393 componenda,
680 1326 769 1392 quibus
794 1328 910 1379 homines
934 1345 1011 1399 coge.

101 1412 195 1451 rentur
212 1414 297 1453 autore
316 1395 414 1449 furere·
433 1397 474 1448 Sic
491 1396 613 1466 Virgilius
633 1398 677 1450 lib.
698 1417 725 1462 4,
744 1400 843 1452 AEneid.
866 1419 892 1452 v.
916 1412 983 1461 5¹5=

92 1499 96 1505 ‚
182 1486 186 1495 ’
215 1466 361 1552 Qarr'rnr
376 1463 411 1528 (a
428 1471 564 1525 narrentis
583 1469 645 1539 eqni
661 1469 696 1524 de
706 1470 803 1545 france
819 1469 964 1541 revulsus,

219 1553 257 1615 Er
275 1553 360 1596 marre
374 1554 513 1616 prereptus
531 1558 620 1594 amar.
725 1604 729 1609 .

69 1638 74 1655 .
140 1624 301 1672 Traxerunt
320 1622 366 1667 &u
387 1617 418 1667 In
445 1629 556 1668 amorem
581 1627 681 1667 traxere
705 1613 800 1668 scilicet
825 1632 870 1681 ope
886 1619 1020 1686 rhombi,

103 1690 236 1745 muliebris
254 1690 382 1740 instrume
400 1687 438 1756 ti,
454 1688 496 1739 cui
513 1686 681 1741 involvebant
700 1691 771 1757 Saga·
796 1688 856 1744 licia
881 1694 936 1745 sive
961 1693 1005 1750 fik

103 1767 255 1822 incantata,
273 1770 297 1814 oe
315 1703 402 1813 eorus}
421 1759 565 1813 nominibus
583 1772 668 1827 nexa,
685 1778 748 1829 quos
765 1762 1004 1831 cogererolebarrt.

103 1836 144 1890 Sic
163 1836 273 1890 Ovidius
291 1831 333 1886 lib·
356 1854 366 1886 t
387 1836 472 1885 Amor.
492 1834 524 1887 el·
545 1836 571 1896 8,
589 1852 616 1887 v.
637 1851 673 1892 7³

144 1974 146 1980 Ι
214 1903 271 1962 Scir
289 1904 354 1960 bene
370 1902 578 1991 quidgrarnen,
595 1902 664 1979 quid
679 1917 747 1961 tarto
771 1906 877 1965 concita
902 1906 1006 1969 rbrrnba

286 1978 385 2048 Liria,
403 1976 471 2052 quad
486 1976 576 2034 valeat
596 1977 672 2034 airas
689 1980 810 2035 amanrr‘r
825 1997 915 2056 aqna.
998 2044 1008 2060 Ἴ

63 2061 131 2128 Peg.
149 2059 201 2115 -287
221 2050 313 2110 Nubes
331 2061 380 2106 otc.
399 2053 544 2121 Olympus,
569 2070 643 2107 mons
663 2055 833 2122 Macedonia,
859 2057 938 2110 nubes
962 2078 1007 2115 cae

105 2131 207 2184 rumine
224 2143 362 2196 superaus,
379 2126 507 2195 repressus
525 2142 578 2183 atre
605 2128 704 2197 m‘egica
727 2126 826 2182 easdem
850 2128 952 2184 altiores
976 2148 1005 2186 se

108 2204 187 2257 Vidit·
966 2205 971 2212 ἡ

141 2284 232 2331 Terra
247 2287 349 2350 quaqua
363 2281 512 2330 orn-Terrae
533 2288 604 2330 motu
624 2276 755 2330 intremuit
777 2279 852 2334 axis;
876 2287 1005 2334 terrarum

74 2381 81 2398 c
106 2366 166 2403 vero
183 2348 247 2403 orbis
265 2350 395 2404 subsidens
413 2357 437 2402 ἀ
456 2349 537 2403 medio
554 2352 609 2402 locu
626 2350 737 2404 dimotus
757 2350 868 2416 permisit
884 2350 1005 2404 uniuslo-

103 2423 127 2474 ci
146 2423 235 2476 incolis
254 2421 334 2476 totius
351 2421 552 2475 circumlabentis
569 2422 628 2475 eceli
648 2421 822 2489 prospeblum·

140 2503 179 2549 Er
194 2507 276 2568 pavet
294 2503 341 2550 erc.
361 2497 396 2547 Et
414 2496 517 2564 magicis
535 2493 634 2549 artibus
652 2497 796 2547 incantatur
808 2508 953 2562 serpentum
961 2512 1004 2567 ge.

104 2583 156 2621 nus
174 2586 268 2632 omne,
287 2576 310 2621 et
327 2567 480 2637 adelethales
498 2582 564 2623 artes
583 2567 744 2621 instruendas
761 2566 913 2628 adhibetur.
955 2621 958 2630 ,

66 2640 130 2713 Pag.
153 2643 199 2696 188
220 2637 361 2713 anbaque
378 2649 426 2695 erc·
445 2641 520 2694 Luna
547 2639 572 2692 vi
597 2642 752 2709 magicorum
779 2641 919 2694 carminum
947 2658 1003 2697 nora

104 2714 180 2769 aliter
198 2714 363 2781 obscuratur,
383 2729 459 2783 arque
476 2713 517 2766 ubi
536 2713 636 2768 telluris
649 2713 870 2777 objcerussclipsin
888 2717 1002 2778 patitur.

76 2807 80 2812 ·
141 2791 297 2841 Damnaret
314 2794 361 2840 ecc.
378 2788 525 2854 Tamquam
545 2787 654 2839 nimium
672 2786 699 2839 in
717 2785 1002 2855 sepietatishaberent.

103 2863 168 2916 Haec
185 2875 270 2913 autem
290 2862 365 2927 primi
385 2861 497 2913 nominis
516 2875 590 2929 maga
608 2873 663 2913 est.

65 2931 129 3003 rag.
152 2936 199 2991 189
219 2936 349 2986 Perverra
368 2940 415 2986 otc.
435 2931 456 2982 Α
476 2932 614 2998 sepulcris,
633 2944 784 3000 prepostero
810 2948 910 3000 pompae
933 2933 1004 3002 ritu,

74 3028 81 3041 ·
102 3006 180 3059 refert
199 3005 321 3059 cadavera
339 3003 535 3073 defun&orum,
552 3013 576 3058 ur
594 3005 625 3059 ad
644 3005 726 3059 vitam
743 3019 858 3059 revocat.
918 3033 922 3046 ·

139 3082 195 3133 Art
212 3073 258 3131 nbi
275 3086 321 3131 occ·
340 3077 389 3131 Ubi
408 3077 486 3130 bustis
504 3078 650 3131 conduntur
668 3095 719 3131 non
746 3093 858 3134 cremata
871 3091 1003 3146 corpora,

102 3168 135 3205 ert
153 3151 246 3218 quibus
262 3150 358 3203 sensim
377 3150 467 3203 huntur
486 3148 592 3203 intimus
609 3148 711 3203 elicitur
729 3159 776 3205 dcc.

65 3226 199 3350 Peg-biso
217 3228 351 3277 Insertum
368 3231 417 3277 erc.
436 3221 547 3284 Clavus,
566 3220 657 3290 quibus
675 3223 801 3296 fiai,qui
821 3228 848 3278 in
860 3236 1003 3292 crucepea·

90 3298 135 3349 'sle
154 3308 216 3351 ant.

140 3372 299 3436 Marsusque
316 3373 364 3420 &n
384 3373 422 3421 Ut
441 3365 523 3429 maior
540 3380 606 3422 esset
625 3370 653 3418 in
672 3366 803 3426 veneficiis
821 3366 950 3424 efficacia·

65 3444 129 3514 Pap·
154 3459 200 3507 ιρι
220 3436 368 3498 Minister·
386 3442 458 3498 Sexti
477 3456 569 3514 nempe
586 3439 715 3513 Pompeii.
922 3461 925 3470 ·
