2492 4100
246 270 320 314 ποο-
413 320 417 327 ,
540 235 895 309 PHARSALIA.·

243 392 432 480 „solliciter
455 391 544 458 ritae:
568 388 694 470 veniet,
717 412 787 484 quae
808 389 935 458 nrirceat
955 377 1071 458 omness
1121 397 1127 402 '
1162 445 1165 450 .

163 522 165 528 '
242 510 368 596 „Hora
391 508 498 576 duces.
520 504 691 596 Properate
714 506 814 589 mori,
833 529 1010 599 magnaque
1040 505 1154 597 superbi

241 625 422 719 „Quamvis
443 646 463 690 e
484 624 585 713 parvis
606 624 707 690 anino
729 624 876 691 discedite
899 622 1010 705 bustis,

240 740 317 828 „Et
339 738 554 808 Romanorum
574 759 679 805 manes
699 739 818 805 calcate
840 738 985 805 deorum.

241 856 540 947 „Quemtumulum
550 854 718 944 Nili,quem
726 843 1152 943 Thybridisadiuat(r)unda‚

240 973 451 1065 ‚,Qsaeritur,
472 970 507 1039 dc
527 971 653 1038 ducibus
672 987 794 1038 tantum
808 967 969 1039 defuncte
983 994 1085 1063 pugna
1101 989 1151 1036 est.

239 1087 327 1175 „Tu
348 1086 446 1154 fatum
469 1110 507 1154 ne
528 1107 633 1179 quaere
655 1103 741 1152 tuum
765 1095 966 1178 cognoscere:
988 1085 1116 1169 Parcae,
1232 1065 1233 1090 i

240 1205 334 1292 „Me
355 1205 527 1286 reticente,
550 1203 679 1270 dabunt:
703 1203 757 1268 tibi
777 1203 893 1269 certior
913 1204 1015 1270 omnia
1037 1220 1123 1271 vates

240 1320 342 1412 „Ipse
363 1338 456 1386 canet
476 1316 585 1385 Siculis
606 1318 731 1410 genitor
753 1316 917 1410 Pompeius
938 1318 970 1384 in
992 1320 1071 1386 oris:
1233 1407 1234 1410 Ἴ

209 1503 221 1512 x
239 1436 331 1523 „Ille
345 1458 467 1532 quoque
480 1433 640 1517 incertus,
659 1458 720 1524 quo
737 1452 769 1500 te
785 1451 893 1517 vocet,
915 1435 1156 1527 unde-repellat,
1233 1481 1235 1526 q

239 1553 356 1645 „Quas
377 1554 479 1633 jubeat
503 1553 601 1618 vitare
622 1549 751 1644 plagas,
773 1573 842 1642 quar
865 1550 964 1617 sidera
986 1553 1110 1618 mundi.

238 1667 427 1758 „Europam
447 1668 570 1748 miseri,
592 1664 791 1757 Libyenque‚
813 1646 982 1756 Asiamque
1004 1659 1146 1736 timetez'

238 1766 446 1871 „Distribuet
469 1783 603 1850 tumulos
624 1783 731 1851 vestris
752 1783 890 1850 Fortuna
915 1783 1096 1873 triumphis.

237 1899 303 1987 „O
322 1899 492 1969 miseranda
515 1899 642 1981 domus,
665 1916 735 1964 toto
758 1901 799 1966 nil
823 1900 896 1969 orbe
919 1899 1035 1966 videbis

237 2011 383 2104 „Tutius
403 2014 595 2082 Emathia«
618 2013 669 2082 Sic
689 2025 850 2106 postquam
871 2014 935 2082 fata
960 2018 1104 2108 peregit3

235 2133 305 2202 Stat
327 2134 415 2200 vultu
438 2148 567 2202 moestus
589 2132 705 2212 tacito,
725 2150 920 2223 mortemque
941 2135 1094 2223 reposcit.

235 2247 429 2318 Carminibus
449 2248 576 2340 magicis
598 2268 674 2337 opus
695 2265 762 2329 est,
785 2246 966 2338 herbisque,
987 2248 1116 2316 cadaver

235 2362 289 2435 Ut
308 2365 417 2447 cadat,
438 2363 473 2433 dc
495 2374 654 2455 nequeunt
676 2363 808 2431 animam
829 2364 882 2430 sibi
904 2363 1035 2431 reddere
1057 2362 1134 2447 fata,

234 2479 406 2549 Consumto
427 2485 489 2564 jam
510 2485 579 2562 jure
600 2481 712 2546 semelss
737 2476 822 2547 Tum
843 2469 953 2548 robore
973 2481 1073 2547 multo
1188 2568 1191 2575 .

233 2596 375 2666 Exstruit
398 2597 450 2663 ilia
472 2617 597 2688 rogum:
621 2598 708 2662 venit
728 2593 885 2665 defunctus
905 2596 943 2662 ad
966 2596 1084 2689 igneos*

233 2710 374 2782 Accensa
396 2717 539 2796 juvenem
561 2710 695 2800 positum
717 2729 803 2780 strue
826 2714 915 2802 liquit
937 2710 1106 2795 Erichtho,

234 2814 374 2898 Tandem
397 2852 481 2920 passa
503 2828 598 2896 mori:
622 2826 778 2918 Sextoque
800 2829 837 2894 ad
859 2846 959 2895 castra
980 2829 1114 2918 parentii
1143 2886 1147 2893 .

231 2941 263 3011 It
284 2968 404 3014 comes:
427 2943 462 3013 dt
483 2945 566 3015 coelo
587 2944 664 3011 lucis
685 2946 819 3013 ducente
842 2945 1001 3027 colorem,

137 3064 141 3068 ’
230 3059 317 3128 Dum
341 3059 461 3129 ferrent
483 3069 566 3131 tutos
587 3060 669 3127 intra
691 3060 825 3127 tentoria
845 3080 982 3151 gressus,

228 3175 311 3264 Jursa
333 3186 442 3248 tenere
463 3178 545 3250 diem
567 3177 674 3246 densas
696 3198 757 3247 nux
780 3177 929 3268 prestitit
951 3174 1088 3257 umbrati

262 3440 309 3520 (¹)
325 3443 412 3504 suun
430 3437 523 3520 vulgo.
