2492 4100
314 184 509 277 struunt
528 193 592 273 tv.
615 170 783 270 norm.
982 204 1024 289 n,
1085 290 1091 304 ὓ

2 344 4 373 ’
77 355 94 381 ·'
112 338 116 345 ¹
155 337 241 428 Rapit
258 343 400 404 avidadrc.
418 337 628 412 Coercet‚'sisrit
646 339 763 396 sudorem
772 340 874 398 Antaei:
894 356 1022 403 renouati.

2 438 3 441 ’
117 439 163 482 tur
180 427 260 479 vires:
279 434 354 478 attus
372 419 547 474 restituuntur
566 422 594 468 in
613 414 705 469 solidos
722 415 776 481 jam
795 426 819 471 ut
836 418 931 472 duros.

156 494 298 573 ‚Quamvir
316 490 408 551 nudie.
430 489 517 546 Adhuc
536 489 736 553 inexercitatus,
753 491 821 560 qnod
847 493 868 545 is
892 492 964 548 labor
981 497 1021 550 in.

118 587 156 628 ter
173 574 268 638 primos
287 579 452 621 numeretur.

156 650 300 699 Novem.
320 642 418 708 Junoni
437 638 559 693 Herculis
579 641 714 694 interitum
733 641 894 710 anquirenti.

157 715 263 770 Siccam
281 730 363 791 quum
381 720 428 767 &c-
448 718 506 767 Non
526 715 564 767 ira
588 710 722 767 sudoribus
748 714 920 785 exhaustam,
942 733 1021 788 quum

121 791 220 846 Atlanti
238 803 390 843 succurrens
408 787 551 840 sustineret
569 785 684 838 humeris
702 786 812 841 coelum.

1 864 6 897 ²
82 868 147 936 Pag.
169 879 217 922 ιη
238 864 349 918 Pnnum
366 894 374 908 ·
394 896 402 911 .
423 897 431 913 .
449 855 566 914 bostem·
585 858 760 913 Hannibalem
774 869 805 913 to
823 858 876 923 iant
894 870 977 917 annos
994 865 1022 918 in

1 940 5 973 ¹
122 936 198 992 ltalia
217 934 357 989 bellantem
376 929 576 1003 vincentemque
593 933 723 987 revocavit
742 940 770 986 in
788 932 905 990 Africam
923 935 958 990 ad
975 953 1022 994 sua

1 1018 6 1045 ²
123 1010 251 1066 tutanda.

1 1090 7 1119 ’ν
82 1090 147 1155 Pag.
168 1085 216 1134 128
239 1080 319 1156 Regis
337 1092 428 1136 tamen
447 1083 535 1136 rec-n
560 1079 628 1148 Juba
652 1095 738 1136 tamen
754 1097 825 1151 rege
843 1082 1021 1148 Mauritania,

121 1156 190 1212 socio
209 1164 233 1209 dr
252 1156 333 1210 amico
350 1154 483 1221 Pompeii,
500 1153 600 1208 auxilia
626 1156 718 1221 petiit,
742 1170 820 1223 atque
845 1160 945 1224 accepit
970 1150 1024 1222 pri-

121 1247 196 1285 mum
216 1230 265 1280 DC
283 1227 381 1297 equites
401 1227 525 1282 Numidas
549 1234 574 1281 bt
600 1228 699 1297 pedites
717 1231 819 1293 CCCC,
844 1245 909 1282 mox
935 1244 1023 1297 regem

123 1306 205 1372 ipsum
224 1320 281 1355 cum
300 1303 400 1369 magnis
417 1300 513 1368 copiis.

159 1375 225 1447 Qua
244 1385 308 1428 sunt
325 1371 479 1445 longisrima
503 1382 552 1428 dre.
580 1374 613 1428 In
637 1376 825 1447 longitudinem
848 1375 1024 1433 extenduntur

96 1450 154 1507 ‘ab
183 1447 276 1502 ultimo
302 1446 374 1499 litore
400 1447 523 1515 occiduo,
546 1464 596 1514 qua
622 1452 730 1503 Atlante
762 1452 916 1504 terminatur
941 1449 1025 1503 Africa

1 1524 6 1572 l
121 1525 194 1592 long.
213 1539 250 1589 gr.
272 1529 297 1584 ό,
316 1535 393 1588 usque
412 1520 444 1572 ad
464 1517 678 1574 Hannnoniacam
696 1523 826 1590 regionem
845 1522 914 1589 long.
931 1539 969 1589 gr.
982 1537 1027 1581 55.

5 1596 7 1603 '
99 1616 103 1627 ·
162 1599 202 1650 Ar
219 1607 273 1666 qua
290 1588 349 1647 lata
375 1602 421 1645 dre.
446 1591 588 1643 Secundum
614 1591 776 1647 latitudinem
803 1593 864 1645 dicit
887 1592 960 1661 Jubaa
984 1604 1024 1647 r'e·

2 1686 7 1719 t
114 1684 203 1739 gnum
223 1667 329 1718 extendi
346 1665 378 1717 ad
397 1680 487 1716 zonam
508 1664 630 1718 torridam
646 1665 814 1720 destiterim.

1 1768 6 1795 t
160 1736 302 1796 Distinet.
322 1739 389 1788 Hinc
408 1735 467 1789 inde
483 1739 763 1807 tetrer&exporrigitur
778 1739 824 1792 sub
833 1738 922 1792 torrida
940 1756 1023 1793 zotta.

162 1804 347 1889 Numidaeque
365 1812 441 1884 vagi.
460 1811 605 1875 Nomades,
630 1812 718 1901 domos
743 1813 866 1882 plaustris
890 1811 1024 1865 circumfe-

1 1910 5 1941 r
85 1906 89 1910 ⁸
123 1901 226 1941 tentes.
433 1904 436 1910 ¹
813 1944 816 1947 .

162 1955 392 2030 Ferrique‘sz'mul
408 1966 457 2014 dcc.
476 1958 592 2012 Leonum
611 1977 715 2014 summa
734 1959 773 2012 vis
798 1959 826 2011 in
852 1957 927 2012 oculo
946 1955 1024 2010 cre'dl-

88 2054 93 2060 ·
126 2036 185 2087 tur'.
204 2033 255 2088 Ubi
273 2034 332 2102 ergo
350 2032 438 2087 amisit
455 2031 516 2087 Afer
542 2033 662 2089 fiduciam
688 2032 762 2101 ferti,
785 2040 873 2088 contra
898 2034 1025 2101 impetum

1 2133 3 2162 ι
90 2137 94 2144 »
122 2106 271 2177 >ingruentis
289 2105 369 2160 leonis
387 2121 478 2177 sagum
495 2105 598 2169 objicit·
916 2153 919 2158 .

162 2186 239 2235 Dum
256 2196 366 2254 regnum.
383 2188 430 2234 erc.
449 2186 522 2235 Dum
540 2180 617 2233 unius
636 2179 650 2253 (
669 2176 778 2235 casseu
794 2178 892 2236 scilicet
910 2175 926 2252 )
943 2176 1026 2231 dont·

126 2254 232 2314 nationi
251 2258 364 2321 Romam
384 2252 508 2316 subjicere
526 2270 620 2321 parat·
1016 2289 1018 2292 ψ

87 2330 152 2397 fag.
175 2341 225 2386 129
243 2333 282 2383 Er
300 2320 373 2397 quod
385 2322 512 2379 Caerarer'r
530 2333 578 2379 arc.
597 2326 722 2395 Trepidat
738 2329 817 2382 etiam
837 2328 935 2388 Curio,
956 2322 1027 2394 quod

126 2415 215 2467 parunt
234 2398 371 2453 confideret
390 2397 512 2451 militibus
530 2399 600 2461 suis,
617 2399 662 2467 qni
681 2414 727 2452 nec
747 2413 868 2467 nmquam
893 2400 956 2451 satis
981 2396 1027 2450 fidi

128 2474 231 2527 fuerant
248 2474 340 2527 castris
357 2474 497 2533 Caesareis,
516 2487 562 2523 nec
581 2471 627 2524 snb
646 2489 678 2524 eu
695 2474 722 2524 in
740 2473 830 2526 Gallia
848 2472 1027 2525 &Germania

82 2605 84 2610 ‚
128 2545 322 2609 militaveranr3
343 2545 385 2597 sed
411 2560 515 2612 tyrones
533 2557 622 2598 erant:
642 2552 666 2597 dr
684 2549 753 2612 capri
773 2547 800 2598 in
825 2561 883 2597 arce
901 2542 1027 2605 Corfinii,

130 2619 250 2672 Domitio
268 2619 331 2671 duce
348 2634 394 2670 suo
413 2617 506 2669 Caesari
526 2617 634 2679 tradito,
653 2633 682 2669 ut
700 2616 740 2671 fas
756 2617 803 2670 sibi
822 2632 973 2683 putaverant
993 2614 1025 2666 fi-

93 2713 98 2720 *
130 2690 188 2745 dem
208 2691 275 2758 prius
293 2691 413 2756 Pompeio
431 2692 541 2752 juratam
561 2690 690 2754 deserere,
707 2693 744 2742 sic
761 2692 843 2745 etiam
860 2701 974 2755 poterant
989 2690 1030 2739 in-

95 2773 99 2780 '
132 2764 177 2818 fidi
194 2766 287 2818 Caesari
306 2772 330 2817 ἀ
348 2762 473 2826 Curioni,
491 2765 566 2818 novis
584 2762 707 2827 ducibus,
724 2764 758 2818 ad
783 2761 871 2834 prioris
900 2761 972 2815 ducis
995 2763 1029 2813 si·

130 2855 184 2907 gna
203 2838 312 2891 reverti.
632 2836 636 2850 ¹

162 2924 267 2985 ,Quum
284 2906 345 2966 dira
363 2919 409 2964 &c-
428 2910 538 2976 Quando
554 2921 676 2968 statuunt
692 2909 765 2966 tediis
782 2907 872 2979 gladiis
889 2907 923 2962 ad
941 2907 1030 2962 hostes

130 3000 201 3036 rneos
219 2982 339 3036 delicere.

167 3052 261 3110 Veluti
277 3052 380 3128 fatalis
405 3064 453 3109 &e-
478 3058 517 3109 Sic
542 3057 569 3110 in
594 3058 744 3112 muneribus
768 3054 939 3128 gladiatoriis,
973 3069 1026 3107 non

130 3128 217 3179 odium
236 3141 283 3182 aut
300 3128 419 3182 simultas
436 3129 576 3182 committit
595 3131 752 3198 gladiatores
777 3131 804 3182 in
830 3128 927 3183 lethale·
950 3133 1031 3181 arente

132 3214 279 3262 certamen,
296 3202 339 3253 sed
357 3200 411 3268 ipsa
428 3200 526 3269 parium
545 3203 738 3267 compositio&
756 3202 849 3258 amula
867 3201 965 3255 uirtus.

172 3273 232 3324 Hoc
249 3268 334 3326 tolum
352 3282 400 3327 dec.
420 3278 576 3341 [inprovisus
593 3273 714 3328 hellenus
733 3274 780 3329 hoc
799 3274 881 3330 solunt
907 3269 1032 3337 timebat,

70 3409 72 3416 Α
134 3363 167 3473 idne
185 3362 200 3399 a
217 3344 335 3430 Curione·
347 3348 494 3413 timeretur,
512 3362 589 3420 atque
609 3350 645 3402 ita
664 3348 747 3418 prelii
765 3352 834 3404 &rei
852 3345 1028 3419 gerendunou

154 3432 238 3475 aretur
256 3432 370 3470 occasio.

220 3506 388 3571 Lucanus.
704 3524 724 3578 c
