2492 4100
371 293 404 365 L
424 294 442 363 1
462 221 596 365 B'Eii
640 291 702 365 IX·
937 325 1001 384 2⁹5

72 448 231 516 Scandere
249 443 414 537 Pompeii,
436 468 528 536 quam
548 444 694 540 frangere
714 446 795 514 colia
816 444 1001 541 Iugurtha.

72 565 164 633 Ecce
185 584 296 654 pareus
318 583 407 630 verus
427 564 557 653 patriar,
579 562 772 656 dignissimus
792 565 852 629 aris

72 679 182 748 Roma
206 678 267 746 tuis
279 703 290 766 3
310 700 482 769 perquem
505 702 671 770 numquam
693 684 797 763 jurare
818 679 966 770 pudebit,

72 796 119 865 Et
143 816 258 886 quem,
279 795 304 860 si
324 797 447 864 steteris
468 803 611 886 umquam
633 797 754 863 remise
774 796 894 879 soluts,

73 908 173 978 Tunc
193 912 270 982 olim
289 908 403 981 fatiura
425 914 533 979 deum.
556 912 623 1000 Iam
644 913 765 1003 spissior
788 913 888 1005 ignis,

73 1028 121 1096 Et
144 1028 256 1119 plaga,
278 1049 368 1117 quam
390 1028 505 1095 nullam
525 1030 630 1120 superi
651 1028 830 1096 mortalibus
850 1029 931 1098 ultra

74 1143 110 1212 A
135 1144 237 1211 medio
259 1139 362 1210 fecere
383 1145 453 1226 die,
474 1146 629 1229 calcatur,
651 1142 686 1212 dt
708 1144 787 1212 uada
824 1183 827 1189 ·

74 1260 211 1329 Rarior:
232 1260 376 1327 iuuentus
397 1261 503 1328 mediis
522 1259 591 1330 sous
611 1284 690 1329 uuus
710 1262 811 1328 arenis

74 1376 203 1467 Largus
224 1398 327 1467 aquae:
351 1377 403 1443 sed
425 1383 516 1467 quem
539 1395 716 1469 serpentum
738 1377 827 1444 turba
848 1378 975 1445 tenebat

75 1493 147 1562 Vix
170 1492 316 1581 capiente
334 1492 421 1560 ioco·
444 1493 574 1561 Stabant
595 1495 628 1561 in
650 1494 788 1584 margine
810 1496 900 1561 sicce
969 1539 972 1545 -
1008 1541 1012 1548 -

75 1590 234 1698 Aspidos,
256 1609 288 1676 io
313 1610 420 1676 mediis
441 1610 585 1677 sitiebant
605 1610 756 1700 Dipsades
777 1611 881 1677 uudis.

75 1724 219 1807 Dauos,
242 1743 277 1792 ut
299 1725 439 1814 adspexit
460 1727 612 1815 perituros
633 1722 721 1792 fonte
743 1722 868 1806 relitio3

76 1839 322 1930 Adloquiturz„
344 1842 438 1910 Vana
459 1843 561 1931 specie
580 1841 754 1908 conterrite
779 1838 837 1905 leti

76 1957 163 2041 „Ne
184 1958 289 2025 dubita
309 1956 398 2024 miles
419 1975 503 2024 tutos
525 1958 646 2025 brurire
667 1958 817 2048 liquorest

76 2075 217 2159 „Noxia
235 2091 414 2165 serpentum
437 2091 485 2141 est
505 2075 643 2143 admixto
665 2075 813 2165 sauguine
833 2073 946 2164 pestis:
1009 2070 1013 2125 j

76 2190 228 2276 „Morsu
250 2192 330 2259 virus
351 2191 482 2273 hahent,
505 2190 540 2259 dt
558 2188 659 2259 fatum
680 2192 711 2257 in
725 2190 820 2257 dente
835 2191 1004 2258 minantur.

77 2305 228 2392 „Pocula
241 2325 344 2374 morte
360 2321 518 2374 carew<
532 2307 637 2391 Dixit,
649 2306 835 2396 dubiumque
852 2329 1015 2376 venenum.

77 2423 217 2492 Haurit:
240 2421 275 2491 δε
296 2424 328 2491 iu
351 2440 418 2490 tota
440 2422 637 2506 [ibyaeioos
658 2445 737 2491 uuus
757 2445 849 2490 mena

77 2538 140 2606 Ille
161 2535 240 2623 fuit,
261 2540 301 2606 de
322 2561 384 2630 quo
409 2541 522 2629 primus
538 2541 596 2607 sibi
617 2556 758 2632 posceret
778 2540 890 2606 trudas.

122 2651 195 2725 Cur
217 2654 351 2736 Libycus
374 2658 467 2724 tantis
488 2657 616 2725 exsudet
639 2663 690 2744 (a)
710 2654 843 2745 pestibus
865 2676 920 2721 atr
1012 2708 1014 2713 ⁴

78 2771 207 2843 Fertilis
228 2772 259 2841 iu
281 2789 418 2854 mortes,
438 2790 493 2840 aut
514 2774 587 2864 quid
609 2786 730 2839 secreta
754 2771 879 2837 nocenti

79 2887 249 2955 Miscuerit
270 2905 381 2957 natura
400 2890 485 2972 solo,
506 2913 568 2955 non
590 2911 681 2973 cura,
704 2887 849 2976 [eburque

79 3002 199 3072 Noster
221 3006 299 3074 scire
321 3006 419 3079 vaiet:
442 3007 500 3073 nisi
519 3005 600 3097 quod
623 3005 750 3095 uulgata
772 3024 830 3092 per
853 3000 974 3073 orm-
1013 3042 1017 3049 ·

79 3118 196 3197 Fabula
219 3145 276 3211 pro
299 3142 371 3188 seru
393 3122 518 3212 decepit
539 3120 656 3197 acula
670 3140 790 3187 auos.
942 3184 947 3191 ,
1014 3114 1019 3127 ’

81 3233 210 3309 Finibus,
225 3239 374 3305 extremis
395 3236 527 3321 Libyes,
549 3236 599 3307 ubi
618 3231 737 3303 feruida
756 3234 854 3302 tellus

117 3504 131 3578 s
135 3504 160 3579 ι)
178 3503 292 3560 exundet
310 3505 400 3582 uulgo.
449 3524 452 3531 ·
477 3528 488 3535 ··

645 3583 721 3657 Tr
