2492 4100
335 194 785 293 tantumtanturn.
988 254 1029 316 o

167 362 310 425 Leucada·
336 361 467 418 Actiacam
495 378 529 429 pu
549 360 627 423 nam,
652 376 729 431 quam
764 361 832 417 inter
859 363 980 426 Leucada
1008 383 1033 430 a

131 446 233 498 Auium
252 442 329 512 gessit
346 450 433 506 postea
450 452 508 489 cum
542 436 645 506 cinvio,
661 453 676 489 a
695 452 745 506 qno
764 452 900 507 superatus
918 442 988 510 ipse¹
1008 456 1032 503 ut

131 522 284 585 Cleopatra·

168 597 235 646 Non
253 589 309 652 ire,
321 580 419 659 jubet.
439 585 548 638 Venitur
566 582 598 639 ad
617 583 733 649 amicus,
751 585 801 640 itur
819 585 850 642 ad
864 587 970 659 hostes,
986 608 1033 650 ιιιιι

133 671 161 720 in
179 680 275 718 vacua.

90 745 156 809 Pag.
180 729 505 797 15⁶Nam'501&crsol
528 732 598 786 enim
624 732 743 787 occidens
768 750 815 788 nec
841 733 1033 794 rubescentibus

132 809 304 865 circumdatus
322 808 452 875 nubibus,
469 822 517 860 nec
534 803 671 863 concordes
691 808 776 862 ferens
793 803 901 872 radios,
920 813 1033 869 sinistras

131 884 295 951 tempestatis
313 882 433 935 indicium
454 892 508 935 e'st·
764 946 767 951 ,
1023 886 1025 889 ’

170 962 238 1011 Non
248 952 348 1028 gracili
366 963 412 1008 ute.
430 956 489 1007 Non
509 952 598 1021 tenui,
616 950 662 1008 sed
680 953 771 1010 obtuso
789 960 814 1010 dr
832 972 916 1011 crasso
934 974 1033 1025 cornu,

134 1028 316 1098 nubeculisque
334 1031 362 1081 in
380 1026 437 1080 urbe
455 1027 538 1081 medio
556 1025 691 1082 obfitscata
708 1035 834 1085 surrexit.

95 1113 160 1176 Pag.
182 1118 228 1163 ¹57
249 1106 312 1157 Nec
328 1098 399 1155 racis
416 1108 462 1154 uec.
484 1104 542 1153 Non
562 1105 615 1165 jam
635 1102 719 1164 ratis,
736 1105 781 1156 sed
799 1120 832 1157 ne
847 1102 968 1175 naufragi
977 1105 1034 1177 qui·

136 1181 194 1231 dem
212 1194 259 1231 nos
277 1175 326 1245 ipsi
349 1189 486 1245 tangemus
504 1177 671 1244 Hesperiam.

95 1259 163 1322 Pag.
184 1265 234 1309 15⁹
254 1246 394 1304 Mansirrr
409 1245 478 1303 loco.
497 1248 568 1302 Intra
585 1264 632 1302 sua
650 1248 728 1305 litora
746 1257 769 1303 cr
789 1267 873 1306 metas
890 1249 1036 1306 coercitum

135 1324 231 1377 fuisse.
250 1327 328 1378 Nam
342 1333 426 1394 parva
443 1328 491 1374 &cr
510 1324 569 1375 Non
589 1338 643 1374 raro
660 1327 730 1376 enim
749 1324 847 1380 diversa
867 1326 946 1379 maria
972 1342 1036 1377 ven-

136 1401 172 1452 tis
189 1412 260 1462 rapta
279 1400 419 1448 miscentur
437 1393 511 1454 aliis,¹
531 1399 570 1448 uti
586 1395 753 1463 Tyrrhenum
771 1402 876 1468 Egere,
896 1397 1036 1451 lonioHa·

137 1468 295 1522 driaticum.

174 1539 293 1614 Altaque
308 1549 357 1596 ure.
375 1541 423 1596 sed
442 1539 474 1595 ab
492 1538 543 1594 alia
560 1537 628 1592 orbis
647 1555 719 1607 parre
738 1546 762 1593 ur
782 1547 903 1603 oceano,
921 1542 967 1610 qui
986 1556 1036 1596 ter-

135 1633 191 1670 tam
211 1615 327 1670 ambiens
344 1618 431 1682 plenos
449 1611 537 1666 belluis
556 1612 680 1666 horrendis
699 1614 791 1666 flutius
809 1615 938 1667 immisit.

98 1690 163 1761 Pag.
186 1700 234 1741 ruo
253 1693 321 1743 Non
338 1685 395 1745 coli
413 1694 460 1740 &c-
479 1690 538 1739 Nox
557 1685 601 1740 ilia
625 1702 677 1739 non
708 1702 761 1741 tam
790 1687 848 1740 corii
874 1687 1036 1741 conversioni

138 1761 290 1822 tribuenda,
308 1777 387 1828 quam
406 1758 565 1812 densissimis
583 1758 691 1812 tenebris
715 1777 731 1813 a
756 1773 906 1829 tempestate
923 1760 1036 1816 coortis.

174 1830 342 1904 Fluc‘lusque
366 1841 412 1886 dte·
438 1831 582 1898 quominus
609 1832 703 1884 nouus
727 1836 787 1898 quis
809 1848 905 1886 evertat
924 1849 1037 1893 navem,

137 1907 239 1961 obstant
258 1904 351 1958 dubim
368 1905 430 1959 alii.
450 1903 497 1956 Sed
517 1905 626 1975 Grotius
644 1922 687 1972 pro
695 1901 803 1976 fluidus
828 1905 886 1959 vult
896 1903 1038 1975 flubium·

100 1987 165 2053 rag.
186 1992 233 2034 161
251 1982 333 2049 [ursa
348 1971 436 2053 plebe.
455 1980 552 2032 coatia
571 1978 642 2045 plebe
660 1979 730 2030 terre
748 1976 885 2050 suffragia.

175 2050 271 2117 Nulla
288 2049 355 2107 meir
374 2060 421 2106 &c-
440 2057 493 2106 Tot
512 2052 652 2107 tuliutam
672 2052 784 2122 insignes
801 2052 928 2120 honores,
945 2064 976 2106 ut
995 2068 1040 2106 ne·

138 2146 185 2181 mo
202 2138 277 2197 putet
296 2140 336 2179 me
355 2128 418 2178 moti
438 2126 583 2196 privatum,
600 2127 649 2179 nisi
669 2138 719 2189 tu,
744 2128 879 2196 Fortuna,
902 2142 966 2195 quaev
985 2126 1041 2182 sola

139 2218 183 2254 me
200 2202 275 2270 regiae
295 2200 424 2266 potestatis
441 2199 633 2266 cupidissimum
653 2199 738 2252 nosti·

101 2278 166 2344 Pap·
188 2285 236 2328 1⁶2
256 2269 400 2326 Nullusne
418 2280 465 2325 uc.
485 2277 568 2326 Nemo
592 2287 648 2326 erat
674 2274 839 2344 eruis-tam
864 2269 928 2328 bene
956 2271 988 2325 de
1013 2283 1041 2324 te

141 2347 265 2414 meritus,
290 2356 320 2397 ut
342 2360 404 2397 eum
423 2343 502 2399 nolles
521 2344 567 2397 tibi
591 2344 708 2400 fluetibus
733 2360 849 2414 oppresso
873 2360 929 2399 esse
953 2359 1043 2413 super-

139 2421 249 2474 etitem?

180 2498 242 2548 Sors
266 2487 365 2547 ultima
383 2500 430 2547 uec.
451 2491 575 2546 Extrema
601 2487 738 2545 necessitas
763 2496 787 2545 de
813 2486 873 2545 vitae
898 2486 1043 2559 desperatio

142 2565 209 2621 solet
228 2567 345 2620 homines
364 2567 390 2618 in
409 2581 524 2620 extrema
543 2566 652 2634 pericula
671 2567 844 2632 precipitare.
864 2566 905 2616 Te
923 2564 1043 2625 verojam

143 2640 234 2694 mundi
252 2640 388 2693 dominum
403 2655 459 2706 quae
478 2639 614 2693 necessitas
631 2637 751 2707 impulit,
768 2652 798 2691 ut
817 2636 900 2692 vitam
926 2633 1044 2689 nudibus

147 2710 320 2767 committeres
331 2714 340 2760 i

107 2787 173 2855 Pag·
195 2796 242 2908 153
265 2781 407 2860 Hesperii.
427 2787 478 2851 Qti
487 2800 558 2842 erant
566 2783 722 2846 Brundusii,
739 2781 887 2847 Antonius,
905 2779 1045 2843 Gabinius,

147 2868 172 2913 ur
190 2860 251 2921 ali,
477 2869 480 2875 ·
543 2868 546 2872 ’

182 2929 314 2986 Littera.
335 2943 367 2992 t·
380 2941 414 2989 A·
423 2940 460 2991 A·
467 2933 507 2987 vei
525 2930 576 2986 alia
594 2927 695 3001 figura,
713 2931 868 2998 quamprius
886 2921 1047 2983 referebant·

184 3007 420 3060 paetereunter.
440 3012 504 3059 Haec
523 3004 598 3059 ahter
616 3003 763 3057 referuntur
786 3001 829 3053 iib.
857 3020 869 3063 ³
897 3005 1047 3057 comment.

148 3076 181 3131 de
191 3078 249 3129 civ·
269 3078 356 3131 Bello.

187 3149 337 3205 succedens
350 3158 398 3205 dcc·
419 3151 505 3204 Immo
519 3148 655 3202 succedens
665 3150 759 3202 Austro
768 3145 867 3202 Africus
875 3144 1050 3218 Nymphaeum

148 3218 247 3274 fecerat
266 3237 385 3287 portum,
403 3224 466 3277 idest
484 3238 573 3276 tutum
592 3240 608 3277 a
625 3236 762 3275 venturum
781 3223 895 3284 injuria·
915 3222 986 3274 Errat
1003 3214 1050 3287 igi·

151 3309 197 3348 tur
215 3295 328 3357 Noster,
346 3298 419 3359 juxta
438 3297 583 3350 crarium.

114 3365 177 3438 Pag·
198 3378 248 3428 ¹⁶4
267 3363 330 3421 Sola
340 3365 420 3440 fuit·
442 3368 500 3421 Fuit
519 3370 544 3421 in
563 3385 669 3432 caussa,
686 3369 754 3437 quud
772 3365 887 3439 proelium
905 3365 1051 3423 distuleris·

190 3438 364 3515 Poritamqur
380 3448 428 3497 ure·
446 3435 471 3496 Si
490 3441 553 3501 mihi
571 3445 598 3498 in
617 3442 710 3515 proelio
728 3443 763 3497 sit
780 3439 1001 3507 occumbendum,
1016 3436 1052 3492 le·

706 3549 769 3604 ⁶4
