2492 4100
228 197 268 258 ³,
472 157 908 255 rntflntsturm

224 316 286 384 Pap·
308 328 357 375 ηο
376 316 431 387 lpse
447 327 518 369 cave
533 318 583 367 etc.
602 310 664 365 Rex
680 322 741 363 cum
764 304 883 360 omnibus
906 309 987 377 capiis
1015 310 1165 377 insequeba,

261 404 323 449 tur,
341 393 364 440 br
382 403 428 440 sex
448 385 527 441 millio
544 400 666 455 passuum
684 379 857 436 intervallos
875 381 970 436 Sabura
994 387 1166 441 consederat.
1242 392 1243 453 l

297 454 418 534 Arpidar
435 472 468 513 ut
487 455 603 515 Pharias
621 466 669 511 otc.
688 457 779 523 Neque
803 451 876 508 aliter
900 457 1048 511 Curionem
1075 459 1166 514 delusit
1242 456 1243 523 l

258 530 346 602 Juba,
370 550 446 598 quam
471 530 536 586 solet
560 531 680 598 Aspidem
700 527 848 597 AEgyptbm
876 525 1066 596 ichneumon3
1092 548 1165 601 quun

260 606 364 659 hebetes
382 605 646 669 babententoculas,
663 618 756 668 eosque
773 617 826 654 non
844 604 874 655 in
893 601 983 659 fronte
1001 604 1050 658 sed
1069 604 1098 657 in
1107 622 1166 658 tem·
1242 662 1243 665 ,

260 679 382 748 poribus,
402 677 563 733 ichneumon
580 677 725 733 <audesne
734 674 825 727 umbra
844 689 983 739 provocats
1002 677 1165 731 attollentem

261 767 351 805 atatem
371 752 436 804 ilius
454 751 542 807 irritos
559 750 588 804 in
607 766 687 806 sams
703 763 795 811 auras,
817 746 920 817 obliquo
944 748 1030 817 capite
1055 751 1166 820 specula·

262 840 324 891 tus,
342 826 460 892 invadit,
476 824 641 895 eiusdemque
659 837 763 893 guttura
779 834 839 875 tuto
856 839 946 875 morsu
963 826 1148 890 comprendit.

297 903 468 971 frustraque
485 910 607 1026 efflatur·
627 903 648 951 Α
667 898 717 955 Cn.
737 888 855 947 Domitio
874 894 995 962 prafeuo
1012 899 1152 965 equitum.

297 968 456 1043 bellumque
472 986 499 1027 tr
533 968 596 1026 ebat
613 977 663 1024 etc.
682 975 799 1039 Namque
817 972 870 1036 ipse
888 967 968 1023 Curio
992 972 1095 1039 primus
1114 967 1166 1024 belli

261 1043 346 1098 civilis
366 1046 461 1099 bublor
478 1043 578 1099 fuerat.
686 1064 688 1067 ·
1168 1090 1172 1097 .

221 1116 352 1188 Peg-131
375 1122 441 1172 Non
460 1113 556 1171 timidi
570 1108 788 1191 petierrfugam.
814 1111 927 1171 [assatis
952 1130 990 1170 sc·
1019 1134 1055 1170 ex
1083 1117 1167 1172 itinere

262 1200 288 1244 et
309 1190 395 1259 proelio
413 1191 540 1243 noliurno
558 1191 649 1261 equis·
667 1193 733 1247 utor
753 1185 847 1263 prolia
862 1189 970 1264 forter-
997 1192 1166 1260 Consumptis

261 1279 354 1330 nempe
374 1263 460 1316 labore
480 1264 592 1316 viribus.

298 1341 366 1391 Non
383 1333 483 1411 suuper
501 1343 547 1389 &o
565 1340 620 1390 Nec
637 1337 724 1409 quatit
740 1352 822 1405 equus
840 1330 1010 1406 pulsusara,
1030 1335 1168 1406 impatiens

260 1406 346 1533 ἰτειίῑ,
364 1426 411 1461 nec
428 1409 524 1480 spargit
542 1411 636 1476 jubes,
662 1427 710 1463 nec
734 1409 843 1480 subrigit
869 1427 963 1475 aures,
989 1427 1041 1463 nec
1067 1424 1167 1481 pugnat

260 1498 294 1534 ne
321 1500 367 1535 oco
383 1497 450 1536 stet.

223 1555 287 1626 Peg·
308 1570 358 1620 ¹32
379 1554 435 1610 Sed
449 1567 566 1632 tempora
573 1560 621 1611 bic.
641 1558 766 1626 Tempus,
784 1552 852 1628 quoti
870 1552 1017 1628 pugnando
1034 1570 1168 1611 conterens

261 1631 324 1682 dum
343 1628 448 1694 fuisset,
465 1630 604 1684 occidendo
621 1646 804 1698 consumptum
822 1646 875 1683 est.

296 1708 366 1759 Suos
385 1700 457 1758 inter
472 1700 638 1759 convertitur
653 1720 744 1757 emer.
763 1709 953 1775 Densaturque
965 1699 1083 1776 globus.
1108 1706 1165 1755 Son

259 1790 339 1840 rum,
356 1776 431 1847 globo
447 1778 677 1834 condensatomms
696 1776 755 1829 dum
776 1777 811 1837 ii,
829 1780 874 1845 qui
891 1778 923 1830 ab
941 1778 1074 1831 exteriori
1097 1793 1161 1842 parte

259 1849 330 1919 globi
348 1863 437 1911 etant,
454 1849 576 1903 referrent
595 1848 684 1918 pedem
701 1850 868 1920 cederentque
885 1852 1028 1903 introrsum
1046 1850 1083 1905 ad
1094 1848 1161 1903 necli-

258 1924 359 1977 nandos
377 1923 491 1977 hostium
510 1924 593 1976 ittns.

296 1993 398 2070 Libyca
423 1993 537 2053 tellure.
562 1990 706 2051 Glareanus
729 1992 854 2064 exponit,
884 1991 953 2065 quod
975 1996 1061 2053 rocta
1087 1994 1163 2059 velit,

259 2078 317 2124 turn
334 2072 502 2138 Pompeium,
520 2084 575 2124 tum
593 2073 717 2123 Senatum
734 2084 788 2126 tam
813 2070 883 2138 pium
908 2087 939 2125 ac
965 2071 1164 2141 magnanimum

174 2163 186 2184 ι
260 2144 363 2205 videri,
382 2160 411 2198 ut
428 2144 500 2198 malit
517 2144 593 2212 Λίξος
611 2143 713 2197 vincere
730 2147 867 2199 Romanos
883 2143 951 2210 sibi,
968 2157 1053 2214 quam
1060 2147 1163 2211 Pompe·

260 2216 288 2277 io
305 2233 337 2269 ac
352 2220 476 2271 senatui.
1242 2223 1243 2228 ’

223 2285 287 2358 Pap.
308 2305 356 2351 ης
377 2285 465 2364 ,Quid
474 2281 584 2366 praelim
594 2284 666 2364 jura
683 2294 730 2344 &c-
756 2284 834 2347 Curio
857 2303 890 2345 tr.
908 2282 947 2360 pl.
966 2285 1069 2360 cesari
1095 2289 1164 2359 prius

260 2363 452 2418 immitissimus
471 2365 595 2419 tuebatur
610 2365 672 2426 iura
689 2368 815 2423 Senatus;
834 2381 896 2418 mox
913 2364 947 2417 ab
965 2364 1060 2417 eodem
1068 2366 1161 2418 Caesare

259 2433 440 2491 liberatusere
457 2437 547 2509 grandi
566 2436 668 2504 alieno,
685 2449 953 2508 auroquecorruptus,
970 2442 1162 2493 senatuscons-

259 2522 316 2561 sam
337 2510 486 2579 turpissime
504 2512 630 2580 deseruit,
648 2518 674 2565 bt
693 2528 737 2579 pro
754 2513 851 2565 Caesare
868 2511 995 2568 acerrime
1012 2513 1104 2565 stetit.

295 2579 407 2639 Brllurn
423 2580 518 2640 civile.
538 2586 574 2637 Η.
592 2603 616 2638 e.
635 2582 698 2638 Belli
715 2585 799 2640 civilis
815 2583 931 2638 exitum.

296 2653 422 2731 ,Quando
438 2671 490 2713 non
504 2652 624 2731 proderit
641 2665 688 2712 &o
706 2660 749 2713 Nil
767 2658 836 2712 eninr
860 2651 986 2726 proderit,
1012 2670 1055 2711 me
1072 2653 1162 2711 Curio-

259 2723 303 2781 nis
321 2728 432 2785 virtutes
449 2739 475 2784 ot
492 2732 582 2786 merita
599 2727 704 2784 silentio
720 2745 850 2799 premere,
868 2748 923 2799 quie
940 2744 1017 2785 certe
1039 2736 1161 2801 ipseper

259 2816 288 2854 se
305 2800 428 2873 effugient
445 2804 562 2858 omniurn
579 2801 734 2858 oblivionem
752 2818 911 2872 temporum·
1084 2837 1086 2840 ·

223 2878 285 2944 tar·
307 2892 358 2935 ¹34
375 2879 427 2946 lus
442 2876 506 2934 iicet
524 2886 571 2932 ote.
591 2873 661 2933 Sulla
678 2879 800 2947 quidem,
819 2879 933 2943 Marius,
950 2875 1040 2933 Cinna
1058 2881 1108 2931 dte.
1135 2874 1161 2930 oi

260 2963 439 3015 oppresserunt
455 2950 616 3014 libertatem,
634 2951 785 3006 invaserunt
799 2950 1022 3021 Rempublicam;
1040 2967 1125 3020 neque
1139 2948 1159 3002 id

260 3032 350 3104 tamen
367 3024 423 3079 sine
438 3042 539 3081 summa
557 3024 672 3092 impenso
688 3024 853 3098 largitionum
870 3031 896 3082 bt
908 3025 1118 3097 stipendiorum:
1133 3023 1158 3076 il·

258 3089 278 3145 lt
295 3109 431 3168 emerunt,
447 3097 490 3155 hic
507 3098 641 3164 vendidit.
