2492 4100
283 241 292 255 Α
332 185 529 267 truruu
550 190 580 264 r
601 128 774 268 unum.
944 223 1021 271 ἰ,

155 333 252 415 Alpis.
268 331 467 402 Expeditionem
485 330 593 392 cesaris
611 350 656 404 per
672 348 774 392 montes
787 337 922 406 Pyreneus
938 339 1025 394 inili-

111 415 237 481 ,spaniam
255 410 390 480 designat,
407 410 584 481 expugnaturi
603 411 731 474 Petreium
748 418 775 466 et
791 413 943 478 inanium,
960 431 1024 469 mox

119 485 240 553 Pompeii
257 482 325 537 filios
342 484 375 537 ad
392 485 537 541 Mundam.
672 532 674 535 .
797 488 800 497 “

122 576 125 584 ·
155 561 327 630 Consurgunt
341 565 434 630 patres
452 556 568 612 iterum.
588 557 715 614 octavius
739 566 764 612 st
790 557 921 614 Antonius
945 557 1025 615 ulturi

118 631 229 685 Caesaris
247 644 406 699 percussores
423 629 549 692 Brutum,
566 632 683 686 Cassium
702 639 750 687 ἀς.

156 710 243 759 Nona
259 697 298 757 da
313 696 384 757 mibi
398 717 517 759 cernere·
535 705 673 772 Concede,
690 718 722 758 ut
740 706 841 761 videam
859 720 960 774 pugnas
977 721 1025 760 na·

119 776 289 839 valesalibi,
305 793 386 846 quam
405 776 448 830 ubi
466 781 604 846 conspexi·
627 779 799 850 intelligimus
816 796 924 843 autem,
940 778 1024 846 sptem

116 850 216 907 uidisse
233 866 283 911 ea,
301 865 358 919 quas
377 849 404 901 in
423 850 486 905 mari
504 851 674 915 Hadriatico,
690 859 715 905 ec
731 853 765 906 ad
783 852 922 907 Massiliam
939 854 1027 908 Casa·

115 927 151 980 tis
170 939 284 992 tempore
300 933 372 992 gesta
389 936 471 990 suut,
489 932 513 978 dr
530 940 600 978 nunc
619 925 703 978 sidere
720 924 784 980 alias
802 926 872 994 apud
888 923 1023 988 Siciliam,

117 1016 176 1065 qua
194 997 226 1052 ab
243 999 361 1066 Augusto
377 1012 466 1051 contre
484 1000 590 1051 Sextum
606 998 756 1063 Pompeium
780 1014 918 1070 gerentum
943 1005 969 1053 dr
995 999 1025 1054 ln

85 1108 89 1117 .
118 1073 265 1126 Antonium
282 1077 307 1124 dc
325 1068 490 1139 Cleopatram
509 1076 537 1125 iu
555 1073 618 1127 mari
638 1071 755 1127 naiaco.

189 1232 938 1254 -....-...---.--.--

209 1398 267 1473 IN
296 1394 529 1471 LIBRUM
557 1393 912 1481 SECUNDUM„

76 1578 145 1642 rag»
163 1585 195 1630 41
215 1564 283 1643 Sine
296 1579 392 1643 putens
409 1575 457 1623 &o
474 1569 535 1622 Sive
554 1564 568 1640 (
574 1583 608 1620 err
622 1568 751 1623 sententia
758 1565 923 1643 Stoicorum)
934 1571 1025 1626 omnia

118 1657 249 1712 tegantur
266 1642 339 1699 fatali
357 1642 511 1697 necessitate
528 1647 553 1694 dc
570 1638 688 1710 legibus,
705 1657 769 1708 quas
794 1642 827 1695 ab
844 1642 901 1695 orbe
918 1644 1025 1698 condito

117 1716 210 1787 posuit
229 1717 319 1784 Deus,
335 1734 399 1786 quas
417 1712 496 1768 semei
513 1711 607 1777 iussit,
624 1713 720 1783 quibus
738 1728 839 1780 semper
858 1730 944 1783 parnt
968 1720 1026 1770 sine

118 1793 135 1866 (
156 1802 186 1843 ut
203 1789 299 1844 volunt
315 1789 435 1857 Epicurei
454 1785 467 1855 )
485 1799 579 1840 temere
596 1785 684 1842 omnia
702 1794 727 1841 dc
745 1786 845 1841 casibus
862 1787 1007 1843 eveniant.

159 1868 227 1936 Ergo
243 1858 291 1917 ubi
306 1858 456 1936 concipiunt
474 1867 524 1914 stc.
542 1860 680 1929 Postquam
704 1859 783 1930 igitur
805 1875 839 1913 err
863 1861 974 1916 ostentis
999 1868 1026 1916 dt

24 1982 32 1994 ,
92 1986 96 1995 .
119 1934 252 1991 vaticiniis
269 1937 386 1989 innotuit
401 1947 516 2004 quantas
532 1930 617 1988 clades
634 1931 744 1988 allatura
761 1946 828 1987 esset
853 1932 1025 2004 prodigiorum

119 2007 261 2070 certitudut
279 2008 377 2063 indicia
393 2022 432 2062 est
457 2007 519 2070 jutis
543 2005 650 2060 dicundi
674 2006 753 2061 statio
776 2023 822 2060 seu
848 2005 1027 2074 intermissio,

121 2083 194 2149 quod
211 2098 264 2135 nou
282 2083 332 2137 nisi
350 2083 379 2136 iu
397 2079 499 2152 publica
514 2079 680 2144 calamitate,
697 2077 789 2149 loun,
805 2093 852 2135 aut
871 2079 1026 2135 necessitate

113 2155 218 2211 ¹fiebat·
859 2159 862 2166 '

160 2224 266 2284 Latuit
279 2224 396 2301 plebtjo·
414 2228 584 2296 Magistratus
606 2242 697 2281 omnes
722 2239 887 2295 sumpserunt
911 2195 1039 2291 plebeios

123 2300 246 2366 habitus,
265 2317 349 2370 neque
366 2319 383 2354 a
400 2300 477 2370 vulgo
493 2298 702 2354 discernebantur
719 2315 808 2355 veste.
826 2300 879 2367 ipsi
897 2297 1028 2354 Consules
1109 2348 1112 2352 ,

125 2374 258 2428 exuebant
276 2390 432 2442 purpuram·
534 2421 538 2430 ,
950 2415 962 2424 ,ι

164 2442 359 2504 Conclamata.
376 2446 428 2501 Ubi
445 2446 518 2500 enim
534 2442 592 2514 quis
615 2447 732 2499 animam
755 2446 942 2505 exhalaverat,
966 2458 1028 2497 con-

123 2516 288 2580 clamabant,
306 2522 445 2574 &nom'tne
461 2533 501 2572 tet
520 2531 642 2572 vocantu
660 2514 1026 2580 jubebantoetetnunrvaltre.

84 2595 152 2661 l’ag·
170 2606 203 2652 42
222 2586 364 2648 invidiam
380 2598 428 2646 irc.
452 2593 493 2646 Ne
516 2589 613 2645 scilicet
638 2588 697 2644 deos
722 2590 787 2645 inter
809 2593 933 2646 excitaret
959 2589 1028 2644 inui-

125 2667 215 2720 diam.

163 2734 265 2793 flavos
283 2775 292 2793 .
310 2774 319 2793 .
337 2767 346 2786 ·
364 2744 480 2796 suevos·
497 2734 628 2801 Bararus,
644 2732 950 2801 Poiunus,l'ometanos,
967 2730 1026 2805 qui·

133 2810 181 2865 bus
199 2814 312 2867 cesaries
327 2815 411 2872 flaua·

86 2886 154 2954 Pag.
173 2900 205 2945 tr
226 2880 321 2939 Nulla
338 2896 419 2942 carre
436 2918 444 2940 .
463 2917 472 2936 .
491 2918 500 2935 .
517 2898 634 2940 manus·
650 2885 749 2939 Omnes
756 2896 846 2953 gentes
853 2886 969 2938 Romam
978 2894 1027 2935 uu·

129 2959 207 3026 dique
225 2955 316 3011 hostili
333 2960 424 3011 animo
441 2967 548 3022 petant.
1091 3011 1094 3020 ¹

163 3036 241 3085 Dum
257 3024 377 3087 nondum
394 3044 525 3086 merum.
543 3029 691 3098 Antequam
707 3027 778 3085 civili
796 3027 941 3098 polluantur
966 3042 1027 3083 san-

148 3119 226 3158 trine·

127 3120 146 3175 g
165 3174 221 3234 Vin
238 3172 316 3231 tanti
332 3206 342 3224 ·
359 3208 368 3224 ·
387 3211 396 3228 .
413 3184 447 3229 uc
463 3181 573 3229 mutet.
591 3173 675 3228 Civile
692 3172 789 3230 bellum
813 3191 868 3230 non
890 3189 947 3231 erat
972 3190 1028 3227 mo·

128 3246 309 3373 nendumdnt
325 3262 416 3304 neuter
433 3246 586 3316 imperaret,
604 3248 689 3315 idest,
706 3265 752 3319 pro
768 3250 821 3318 ipsa
844 3249 926 3305 etiam
949 3246 1027 3303 iiber·

133 3334 189 3377 tate
206 3333 267 3372 tuen
285 3339 317 3377 a.

167 3390 256 3454 Exsul
271 3390 370 3472 limera
387 3400 437 3457 irs,
453 3394 554 3458 uarius
570 3392 664 3456 aiulla
681 3392 770 3470 prelio
783 3394 884 3465 vicus,
898 3393 963 3469 fuga
975 3390 1027 3452 ela·
