2492 4100
835 960 1311 1032 INCERTI
1373 914 1964 1030 AUCToRis

1324 1165 1459 1216 AD
1740 1195 1781 1212 κ,

550 1324 1547 1413 CALPURNIUM
1606 1326 2240 1414 PISONEM

987 1538 1794 1612 POEMATION

694 1745 1058 1800 LUCANO
1109 1747 1414 1799 VULGO
1463 1745 2088 1798 ADSCRIPTUM.

467 1900 795 2073 UNoE
845 2000 1009 2088 prius
1050 2001 1246 2091 coepti
1296 2019 1506 2092 surgat
1547 2000 1698 2068 mihi
1738 2000 2023 2066 carminis
2063 2002 2232 2084 ordo,

461 2115 715 2205 Quosve
737 2139 950 2182 canam
981 2116 1231 2198 titulos,
1259 2119 1507 2200 dubius,
1536 2115 1738 2183 feror.
1768 2116 1946 2183 Hinc
1976 2135 2116 2200 tua,
2140 2118 2278 2199 Piso,

462 2231 798 2313 Nobilitas,
845 2233 1194 2321 veterisque
1234 2237 1434 2333 citam:
1479 2234 1751 2300 sublimia
1790 2233 1980 2322 Calpi

461 2347 763 2428 Nomina,
816 2347 1130 2415 Romanas
1170 2350 1337 2415 inter
1374 2347 1677 2441 fulgentia
1721 2367 1971 2442 gentes:

459 2464 638 2530 Hinc
683 2482 788 2530 tua
836 2487 936 2530 me
982 2465 1172 2531 virtus
1219 2452 1418 2555 rapit-¹,
1461 2463 1532 2532 ἀ
1576 2468 1846 2533 miranda
1891 2488 2006 2554 per
2045 2486 2236 2530 omnes

457 2581 614 2650 Vita
658 2582 901 2649 modos:
947 2602 1124 2668 quae,
1169 2582 1218 2646 si
1263 2584 1503 2648 deesset
1549 2582 1657 2647 tibi
1699 2580 1867 2647 forte
1913 2598 2120 2647 creato

454 2695 793 2778 Nobilitas,
838 2699 1054 2765 eadem
1100 2720 1213 2785 pro
1261 2699 1580 2764 nobilitate
1624 2697 1866 2764 fuisset.

453 2813 615 2883 'Nam
658 2815 799 2904 quid
844 2814 1233 2905 imaginibus,
1279 2814 1425 2903 quid
1470 2815 1648 2879 avitis
1689 2813 1845 2880 fulta
1890 2810 2190 2900 triumphis

450 2928 681 3012 Atria,
721 2929 864 3020 quid
911 2931 1080 3019 pleni
1124 2951 1448 2995 numeroso
1488 2932 1739 2997 consule
1780 2927 1959 3017 fasti,

446 3043 844 3128 Profuerint,
884 3045 935 3111 si
979 3046 1106 3111 vita
1148 3045 1352 3113 labat?
1393 3046 1558 3134 perit
1596 3048 1793 3112 omnis
1848 3046 1914 3110 in
1957 3045 2061 3110 illo

443 3160 788 3244 Nobilitas»,
828 3164 998 3242 cujus
1042 3162 1170 3228 laus
1211 3180 1306 3227 est
1352 3160 1415 3226 in
1458 3161 1697 3252 origine
1740 3162 1902 3227 sola.

440 3277 657 3361 Felix,
701 3281 807 3368 qui
856 3280 1044 3345 tantis
1087 3280 1355 3345 animum
1401 3277 1698 3346 natalibus
1743 3294 1983 3366 aequas,

437 3392 523 3459 Et
568 3412 812 3486 partem
857 3395 1063 3476 tituli,
1108 3418 1231 3459 non
1278 3416 1573 3461 summam
1617 3394 1793 3484 ponis
1836 3393 1898 3459 in
1942 3392 2056 3458 illis
2071 3439 2090 3471 ,
