2492 4100
258 255 320 312 ⁴34
485 216 954 292 SUPPLEMENTUM

255 378 374 447 Monte
389 370 510 451 Bebryx
524 370 668 463 genitor,
690 395 844 464 parvaque
864 371 986 462 excepit
1006 371 1039 438 in
1055 375 1120 442 iola

255 493 408 584 Hospitio
422 488 567 555 Alnidem
589 485 721 556 formosa
742 506 882 557 armenta
903 504 1065 579 petentem
1226 525 1228 591 p

254 606 429 690 Geryonis.
460 604 538 674 Visa
558 618 608 669 eat
630 603 753 672 Alcidae
775 606 861 697 regia
883 606 972 697 virgo
1226 596 1228 661 l

254 723 402 808 Pyrene,
421 722 595 812 placuitque
620 721 728 804 nimii,
749 722 943 811 deceptaque
963 722 1093 789 tandem

254 840 400 931 Hospitis
424 837 527 904 invidi
550 837 669 926 placido
693 837 860 905 succumbit
881 839 993 903 amori.

254 956 449 1049 Coniugium
463 949 590 1021 Alcides
603 956 744 1036 misere,
766 955 923 1045 taednsque
944 953 1064 1045 jugales

255 1072 290 1142 Si
309 1073 402 1139 modo
423 1069 580 1149 Geryonis
601 1070 698 1136 vidior
718 1070 866 1137 remearit
887 1071 923 1137 ab
944 1071 1046 1152 arvis,

256 1187 439 1259 Promittit:
461 1187 513 1253 sed
535 1182 599 1252 fata¹
619 1203 737 1277 negant
758 1186 894 1254 crudelia
916 1187 1031 1253 taedas.

256 1304 326 1376 Nec
347 1305 431 1393 prius
445 1299 712 1385 liciatorium,
734 1326 825 1393 quam
845 1301 955 1369 femere
979 1300 1063 1383 tristi

256 1418 379 1503 Pyrene
400 1415 531 1485 formosa
554 1421 653 1501 jacet.
676 1416 785 1487 Timet
805 1420 859 1488 illa
879 1434 1044 1508 parentem

258 1536 397 1624 lratum3
420 1557 479 1602 nec
499 1537 559 1616 jam
581 1536 680 1601 vitiati
701 1538 838 1626 pondera
860 1536 977 1602 ventris

256 1647 402 1720 Ulterius
422 1652 525 1718 celare
545 1651 648 1717 valet.
669 1651 866 1743 Queribunda
887 1670 1031 1742 pererrat

257 1744 429 1857 Frondosas
449 1767 597 1851 latebras,
618 1766 654 1834 ἀ
675 1769 861 1836 rescideris
882 1767 1016 1856 montis13

256 1885 388 1975 Solaque
409 1882 556 1950 furtivum
576 1884 658 1950 silvis
678 1884 839 1976 deplangit
860 1907 1014 1953 amorem.

258 1999 567 2092 Amphitryoniadem
579 1997 716 2084 salsum,
737 2003 898 2071 turdumve
919 2001 1066 2088 vocabam

257 2117 370 2185 Donec
393 2117 541 2207 plorantis
561 2116 695 2200 frustra,
717 2120 882 2212 magnique
903 2118 1043 2186 vocantis
1162 2119 1165 2124 ’

257 2232 408 2301 Herculis
428 2233 573 2301 auxilium
596 2234 661 2300 leto
682 2236 838 2302 crudelior
859 2236 927 2325 ipso

258 2349 367 2419 Bellus
388 2346 531 2416 formosae
551 2350 699 2417 laceravit
719 2352 845 2445 virginis
865 2367 967 2417 artus.

304 2465 597 2555 Amphitryoniades
617 2467 739 2534 tristem
763 2468 908 2549 Bebrycis
928 2467 966 2540 ad
988 2468 1090 2534 aulam

258 2579 327 2669 Jam
351 2582 447 2650 vidior
467 2581 608 2665 rediens,
630 2584 735 2651 amissa
757 2585 879 2677 virgine
899 2584 1027 2650 demens

257 2697 304 2765 Et
324 2696 530 2768 formidandus
552 2698 653 2782 ludlu,
674 2722 731 2789 per
751 2702 847 2768 lustra
867 2698 1021 2780 ferarum,

257 2812 320 2881 Per
341 2818 431 2907 juga,
453 2837 569 2905 perque
588 2816 646 2882 alti
667 2813 808 2886 frondosa
827 2816 984 2883 cacumina
1004 2815 1117 2883 montis

257 2924 439 3013 Tendebat,
462 2953 579 3021 sponsae
600 2953 742 3024 quaerens
763 2934 892 3025 vestigia
913 2952 1018 3015 carae,

255 3044 462 3138 Pyrenenque
480 3070 567 3115 suun
587 3066 701 3118 moesto
722 3048 1026 3117 clamorerocabat.
1162 3042 1166 3104 ἶ

196 3251 199 3260 Α
255 3159 397 3243 Pyrenen
419 3165 522 3246 silvae,
543 3161 686 3245 Pyrenen
709 3183 798 3233 antra
818 3163 972 3248 ferarum,

253 3276 298 3345 Et
322 3285 425 3348 curve
450 3298 520 3348 toto
541 3283 722 3348 resonabant
743 3285 850 3349 monte
869 3289 1030 3352 caveruae.

253 3391 412 3490 Ingemuit
435 3398 519 3467 locus
539 3398 623 3490 ipse3
644 3395 721 3478 serae
742 3401 918 3482 tremuere,
939 3416 1085 3489 metuque
1159 3387 1163 3392 ⁴
