2492 4100
238 322 299 387 goa
465 289 934 373 sUlletENTUM

235 454 303 523 Nec
319 453 437 538 ,donno
458 459 561 517 tantos
584 443 643 517 iras
664 453 779 520 leviore
801 453 919 534 luisset,

234 569 338 662 Quam
362 567 509 632 libertatis
531 566 643 647 incluta
655 619 667 652 ‚
688 568 723 636 ἃ
744 567 852 635 funere
875 563 1004 658 Magni.

291 681 384 774 Quod
407 699 511 747 nmen
533 684 691 750 incolumis
713 707 770 777 per
793 701 879 751 tanta
903 680 1036 773 pericula
1049 678 1140 747 Caetal

235 789 362 881 Evasit,
383 797 505 887 Superis
527 805 650 888 poteras
671 801 848 892 ignoscere,
874 787 993 878 Roma,

235 919 270 986 Si
292 917 355 981 sola
376 912 537 1005 AEgyptus
558 916 704 981 redivivae
725 917 852 984 vulnera
877 915 997 981 dextrae

235 1033 281 1100 Et
305 1052 400 1097 saevos
419 1029 545 1119 posthae
568 1025 686 1122 gladios
706 1052 829 1098 sensura
850 1013 973 1095 fulsset.

237 1145 365 1216 Inferias
387 1145 461 1228 tibi,
485 1145 627 1238 Magne,
649 1148 715 1237 pias
734 1147 801 1213 haec
825 1146 902 1212 bella
923 1143 1076 1210 dedissent

237 1264 281 1332 Et
303 1277 406 1355 gratas
428 1259 537 1328 latio.
559 1259 671 1330 Pharia
692 1263 732 1329 de
752 1263 840 1328 clade
863 1261 1053 1351 triumphum
1073 1295 1078 1304 ·

237 1380 359 1448 Victori
380 1379 499 1469 placida
520 1379 663 1445 donasset
683 1374 788 1445 fronte
811 1378 958 1458 Senatus,
1071 1413 1075 1419 ·

238 1486 373 1585 Templa
394 1510 567 1560 coronasset
590 1497 687 1580 votis,
713 1495 879 1585 plausuque
900 1477 1081 1582 sapertun

237 1611 407 1703 Spectasset
430 1611 504 1676 laeto
525 1633 649 1678 currum
674 1611 814 1678 Romana
838 1614 998 1691 juventus.

238 1728 325 1796 Haec
346 1728 454 1817 patriae
477 1722 576 1792 forsan
601 1725 722 1794 villoria
743 1721 932 1794 conciliasset

239 1842 372 1910 Caesaris
393 1865 478 1908 arma
499 1865 581 1925 suae.
602 1844 636 1909 ni
657 1844 723 1910 dira
743 1842 901 1933 sequentia
924 1840 1023 1922 bella,

239 1959 282 2030 Ni
302 1959 428 2039 Libycae
449 1959 569 2040 clades,
593 1957 630 2026 ἀ
652 1959 746 2025 tristis
768 1956 876 2025 funera
900 1955 1035 2024 Mundae

240 2077 392 2147 Victrices
412 2076 472 2140 alio
493 2073 660 2142 foedassent
681 2075 808 2142 crimine
829 2076 968 2144 dentrasa

298 2190 347 2258 At
376 2190 440 2263 Nili
460 2191 608 2258 scelerata
633 2192 766 2274 cohors,
786 2213 855 2281 quae
876 2207 996 2280 sceptra
1018 2188 1142 2257 ded1sset

240 2306 376 2400 Reginae
399 2303 552 2388 Arsinoe,
574 2308 674 2374 suhito
695 2324 812 2375 mutata
834 2306 983 2391 rebellat,

240 2424 433 2495 Femineum
454 2422 638 2513 imperium,
658 2421 811 2513 fastusque
833 2444 922 2489 exosa
943 2423 1085 2513 superbos

240 2536 382 2606 Eunuchi
406 2538 614 2621 Ganymedis,
636 2538 672 2608 ὅς
693 2538 804 2630 implet
823 2555 923 2605 castra
945 2540 1099 2604 tumultu.

240 2654 309 2724 Nec
330 2656 471 2746 pavidum
494 2678 652 2741 murman
673 2652 821 2722 consensu
841 2655 965 2721 audacia
987 2658 1106 2734 crevit,

237 2766 405 2861 Tantaque
426 2772 622 2838 turba'mctu
644 2790 806 2861 poenamm
827 2772 917 2837 solvit
938 2770 975 2838 ab
997 2769 1097 2835 omni.

240 2884 309 2954 Nec
331 2904 432 2954 mora:
456 2886 564 2953 delecti
585 2888 623 2954 ad
648 2889 784 2954 tentoria
806 2883 936 2952 Caesaris
958 2887 1042 2952 ibant

241 2998 342 3069 Invita
365 2998 517 3084 Arsinoe,
538 3025 644 3092 pacem
660 3000 853 3095 satagamque
874 3021 1042 3092 petentes,

241 3116 287 3185 Et
308 3116 485 3185 deliciorum
508 3119 647 3201 veniam,
669 3119 831 3209 dirumque
852 3117 1020 3185 Pothinum

240 3228 293 3308 Ut
301 3234 988 3317 scelerumaudorem,Bcsaetumexecrantur
997 3228 1161 3315 Achillam,

239 3345 305 3440 Qai
326 3346 441 3415 facinus
462 3351 573 3417 merita
594 3354 656 3433 hm
679 3353 803 3418 tandem
825 3368 926 3417 morte
948 3344 1089 3418 luissent.

300 3461 453 3533 Ausonius
474 3465 612 3552 Ductor,
636 3464 771 3559 quantus
794 3471 854 3551 jana
877 3464 1013 3535 fervidus
1036 3462 1099 3546 ira,
