2492 4100
307 272 541 349 LUC'ANI.
569 278 673 348 LIB.
704 277 755 350 II.
937 292 1000 362 383

69 424 126 498 Ut
150 423 247 494 fusum
271 427 312 493 in.
329 427 411 497 buflo
433 429 490 497 hat
512 431 653 498 celarent
677 449 745 497 arte
767 448 926 498 cruorem.

2 520 11 531 '
67 545 135 613 su>
156 544 245 613 varo
266 547 402 633 popum·
414 545 585 614 stratam
605 546 692 614 aaa
712 547 798 614 vena

68 658 202 740 Cyrene
224 660 384 750 Battoque
403 683 473 727 suos
494 664 541 730 aa.
555 663 667 754 proelia
687 665 842 745 mittunt,

68 777 218 866 Qraeque
241 772 329 843 Afris
351 775 470 871 Siculos
491 780 671 867 permiscuit
693 777 762 846 AEa
784 780 928 849 colonos.
1062 856 1063 859 Ἴ

69 888 214 959 Tabraca
236 892 389 959 bellantes
407 890 507 973 Tyrio
528 896 569 964 de
589 895 737 988 sanguine
759 914 875 962 turmas

69 1007 205 1090 Mittit,
228 1006 264 1075 dt
284 1009 411 1097 antiqua
432 1008 617 1080 Phoeuirum
639 1013 735 1101 stirpe
758 1029 879 1078 creatos

69 1123 142 1191 Dat
163 1126 292 1214 populos
312 1123 439 1206 libycis
462 1127 589 1199 dilectus
609 1129 732 1220 regibus
752 1128 884 1218 Hipp03
993 1142 995 1145 ’

71 1240 184 1330 Atque
210 1237 328 1323 Utica,
350 1239 386 1313 dc
408 1260 498 1309 tanto
521 1241 642 1336 Tapsus
662 1262 731 1337 post
754 1245 871 1325 inclyta
902 1242 998 1308 bello.

130 1354 273 1425 Advenit
295 1358 340 1425 his
357 1357 481 1439 Libyco
501 1383 610 1454 Qum
634 1361 707 1448 Juba
729 1362 877 1428 maximus
905 1360 1000 1440 orbe,

71 1474 139 1565 Qui
160 1476 221 1555 jam
243 1472 390 1542 Caesarea
409 1477 519 1543 laetum
542 1478 582 1543 de
603 1479 692 1544 clade
715 1476 904 1566 triumphum

71 1589 236 1676 Duxerat,
257 1587 365 1657 infelix
387 1593 499 1660 otoidit
521 1616 591 1660 cum
613 1593 717 1661 Curio
735 1590 842 1660 fraude

73 1702 255 1797 Deceptus.
275 1706 416 1774 Domino
436 1709 600 1800 imperium
622 1711 684 1776 riou
707 1709 798 1776 latius
819 1708 875 1775 uili

71 1821 239 1914 Contigit.
262 1823 404 1891 Occiduu
424 1825 465 1891 de
487 1826 612 1892 cardine
634 1827 780 1893 terminat
804 1819 909 1891 Atlas:
986 1891 989 1896 .

72 1937 169 2006 Parte
191 1940 250 2005 alia
273 1937 400 2023 Thera,
422 1940 457 2009 dt
477 1942 605 2009 confinis
624 1942 763 2024 Syrtibus
784 1939 938 2009 Ammon.

70 2049 224 2145 Undique
247 2057 376 2125 diversae
398 2078 526 2151 gentes,
548 2061 714 2151 populique
735 2059 849 2127 remoti

72 2171 289 2240 Conveniunt.
300 2174 341 2241 ad
362 2175 447 2267 signa
470 2173 573 2261 Jubae.
594 2176 761 2268 Fulgentia
782 2177 868 2267 signa

71 2287 244 2358 Medorum
263 2292 391 2380 antiqua
416 2291 524 2359 Mauri
544 2294 586 2360 de
606 2293 703 2383 stirpe
723 2293 883 2359 tulerunt.

71 2403 185 2494 Atque
208 2407 333 2497 inopes,
354 2409 408 2498 qui
429 2433 509 2475 cunr
522 2412 637 2476 mundo
661 2410 844 2476 commercia
864 2407 934 2472 solis

71 2518 249 2613 Naufragiis
271 2524 457 2592 Nasamones
481 2525 615 2592 habent.
637 2526 845 2593 Gemmantes
865 2524 970 2613 iniquo

71 2637 142 2732 Sub,
156 2638 241 2710 coelo
261 2641 372 2728 potiti,
393 2642 516 2709 steriles
535 2645 588 2732 qui
611 2665 733 2733 semper
754 2662 861 2708 arenas

70 2753 277 2844 Squalidaque
298 2779 371 2824 arva
393 2774 505 2825 tenent
528 2760 596 2824 solis
617 2757 762 2827 foeeunda
785 2755 930 2825 venenis.

70 2868 215 2959 Cumque
240 2871 285 2938 his
314 2872 518 2941 Marmaridae
540 2876 673 2942 medicas
693 2896 789 2967 egere
810 2887 970 2954 cateruas,
1002 2882 1008 2912 '¹

69 2983 258 3075 Serpentum
283 3010 401 3056 morsus
421 3008 515 3057 cantu
539 3014 648 3057 curare
676 2990 792 3081 parati.

71 3097 219 3168 Audaces
242 3103 406 3188 Numida,
429 3105 464 3175 dt
485 3104 654 3173 fraenurum
676 3108 777 3173 nescia
791 3105 881 3173 turba
1009 3137 1011 3142 >

69 3214 219 3301 Massyli,
242 3220 359 3288 loribus
381 3239 497 3289 norunt
518 3225 572 3313 qui
593 3223 718 3289 flesstre
741 3224 835 3315 virgis

67 3332 138 3401 Ora
161 3331 272 3402 ferocis
293 3338 386 3428 equi3
407 3340 611 3431 gregibusque
633 3358 750 3405 assueta
774 3337 910 3406 ferarum

67 3446 157 3515 Gens
178 3450 300 3521 Getula
322 3454 404 3524 vitos
425 3457 618 3549 mittit,.-qui
640 3457 778 3525 cominus
799 3456 857 3522 itas
