2492 4100
351 260 574 332 trn‘nu
617 257 697 337 vn.
915 279 979 346 223

60 416 232 490 Patricium
253 413 367 502 campis
392 437 453 480 non
473 413 570 480 mixta
591 414 684 503 plebe
704 407 850 481 caderet.

62 533 155 608 Mors
177 541 285 600 tamen
306 530 433 596 emicuit
454 530 607 596 clarorum
630 530 663 596 in
684 548 788 621 strage
810 530 944 599 uirorum
977 523 981 532 ’

61 646 216 740 Pugnacis
237 644 388 733 Domiti3
410 666 501 734 quern
526 645 628 711 clades
649 641 711 712 fata
733 667 790 736 per
811 667 917 712 omnes

62 764 247 832 Ducebent.
270 759 385 852 Magni
407 782 554 849 nusquam
576 760 712 827 Fortuna
732 763 797 827 sine
819 761 874 827 illo
973 749 983 774 ‘

63 878 248 954 Succubuit:
272 876 364 943 vidus
385 878 479 942 toties
499 899 517 971 a
539 875 685 958 cesare,
707 879 788 944 salva

64 994 227 1063 Lnertate
248 993 353 1083 perit:
376 983 450 1059 tunc
470 992 557 1058 mille
584 992 616 1058 in
640 994 765 1059 vulnera
788 993 878 1059 laetus

64 1109 215 1192 Labitur,
236 1132 272 1175 ac
295 1107 380 1176 venia
403 1108 519 1200 gaudet
540 1110 670 1175 caruisse
691 1109 839 1176 secunda.

65 1227 200 1296 Viderat
224 1226 256 1291 in
277 1205 377 1291 crasso
399 1240 573 1291 versantem
596 1225 745 1317 sanguine
768 1225 902 1291 membra

65 1339 193 1423 Caeser,
218 1339 253 1414 dc
275 1341 477 1429 increpitans:
493 1338 590 1425 „Jam
612 1340 727 1433 Magni
750 1342 863 1409 deseris
885 1361 985 1428 arms,

68 1459 262 1543 „Successor
277 1465 327 1543 (r)
342 1455 477 1539 Domiti,
490 1456 554 1521 sine
567 1473 602 1522 te
617 1459 678 1538 jam
694 1456 772 1523 bella
789 1474 950 1548 geruntur.
957 1468 983 1506 “

68 1574 218 1641 Dixerat:
240 1590 288 1640 ast
310 1572 358 1637 illi
381 1572 509 1640 suffecit·
522 1570 645 1661 pedore
668 1573 790 1662 pulsans

68 1689 198 1781 Spiritus
220 1689 253 1754 in
278 1683 403 1770 vocem,
424 1688 649 1777 morientiaque
673 1709 727 1753 ora
751 1687 897 1754 resolvit.
985 1669 998 1679 ⁰

69 1804 170 1898 „Non
193 1821 227 1872 te
253 1801 370 1871 funesta
393 1806 542 1872 scelerum
563 1804 707 1871 mercede
730 1802 882 1894 potitum,
981 1791 988 1828 ³

70 1922 157 2005 „Sed
179 1920 303 1988 dubium
325 1917 384 1988 fati
404 1918 531 2001 Caesar,
554 1941 731 2013 generoque
754 1919 905 1985 minorem
986 1903 995 1968 Ϊ

71 2037 300 2128 ,‚Adspiciens,
321 2036 444 2128 Stygias
464 2036 588 2129 Magno
609 2038 687 2105 duce
708 2036 786 2104 liber
807 2036 845 2104 ad
867 2034 989 2103 umbras

71 2154 142 2239 „Et
164 2177 288 2223 securus
309 2175 364 2221 eo:
386 2176 468 2221 saero
488 2170 521 2218 te
544 2153 654 2221 Marte
675 2154 847 2235 subactum,

72 2269 308 2360 „Pompeioque
330 2291 441 2361 graves
462 2292 589 2359 poenas,
612 2271 755 2361 nobisque
777 2270 921 2336 daturum
991 2252 996 2259 Α

73 2385 202 2478 „Quum
224 2386 357 2467 morior,
377 2408 504 2475 sperare
518 2386 639 2452 licet.“
664 2385 735 2455 Non
749 2387 836 2476 plura
851 2385 986 2454 locutum

75 2500 147 2571 Vite
168 2499 454 2594 fugit,de'nsaeque
474 2502 576 2567 oculos
599 2502 722 2569 vertere
745 2491 911 2568 tenebre.¹

127 2616 315 2708 ltnpendisse
336 2618 432 2707 pudet
454 2618 591 2683 lacrimas
611 2617 645 2683 in
666 2614 902 2685 sunere'tnundi
990 2602 998 2611 ’

75 2727 227 2800 Mortibus
249 2734 432 2814 innumeris,
454 2756 490 2799 ac
511 2733 631 2825 singula
649 2729 724 2800 fata·
737 2750 916 2822 sequentem
994 2776 998 2781 ·

76 2834 242 2938 Qaerere,
265 2846 422 2917 letiferum
444 2871 501 2940 per
522 2849 746 2932 cuiusviscera
768 2848 874 2915 vulnus
995 2834 1001 2847 ⁸

77 2958 206 3053 Exierit3
231 2967 300 3055 quis
319 2961 386 3031 fusa
407 2966 472 3031 solo
494 2966 595 3032 vitalia
617 2965 736 3052 calcet3
809 2984 815 3011 '-

78 3075 141 3146 Ore
162 3083 226 3171 quis
247 3084 377 3149 adverso
397 3082 559 3149 demissum
581 3078 714 3147 faucibus
734 3100 840 3145 ensem

79 3187 231 3284 Expulerit
254 3198 387 3265 moriens
408 3198 526 3285 anima3
549 3198 616 3289 quis
638 3214 762 3267 corruat
788 3194 867 3277 reu,

994 3064 1005 3097 J

113 3453 154 3532 (Ι)
170 3479 314 3535 succensor,
331 3480 445 3519 accensor
463 3463 585 3522 variant.

677 3543 704 3612 P
768 3564 772 3571 .
