<?xml version="1.0" encoding="UTF-8"?>
<!DOCTYPE html PUBLIC "-//W3C//DTD XHTML 1.0 Transitional//EN"
    "http://www.w3.org/TR/xhtml1/DTD/xhtml1-transitional.dtd">
<html xmlns="http://www.w3.org/1999/xhtml" xml:lang="en" lang="en">
 <head>
  <title>
</title>
<meta http-equiv="Content-Type" content="text/html;charset=utf-8" />
  <meta name='ocr-system' content='tesseract 3.04.00' />
  <meta name='ocr-capabilities' content='ocr_page ocr_carea ocr_par ocr_line ocrx_word'/>
</head>
<body>
  <div class='ocr_page' id='page_1' title='image "./marciannaeiluca00bettgoog_0547.png"; bbox 0 0 2492 4100; ppageno 0'>
   <div class='ocr_carea' id='block_1_1' title="bbox 308 179 1011 286">
    <p class='ocr_par' dir='ltr' id='par_1_1' title="bbox 308 179 1011 286">
     <span class='ocr_line' id='line_1_1' title="bbox 308 179 1011 286; baseline 0.01 -30"><span class='ocrx_word' id='word_1_1' title='bbox 308 179 502 269; x_wconf 70' lang='lat' dir='ltr'>statutt</span> <span class='ocrx_word' id='word_1_2' title='bbox 529 181 594 263; x_wconf 79' lang='lat' dir='ltr'>Vt.</span> <span class='ocrx_word' id='word_1_3' title='bbox 617 187 789 262; x_wconf 70' lang='lat' dir='ltr'>norm.</span> <span class='ocrx_word' id='word_1_4' title='bbox 967 224 1011 286; x_wconf 80' lang='lat'>„</span> 
     </span>
    </p>
   </div>
   <div class='ocr_carea' id='block_1_2' title="bbox 64 328 1011 3486">
    <p class='ocr_par' dir='ltr' id='par_1_2' title="bbox 67 328 974 412">
     <span class='ocr_line' id='line_1_2' title="bbox 67 328 974 412; baseline 0.001 -21"><span class='ocrx_word' id='word_1_5' title='bbox 67 336 135 412; x_wconf 65' lang='lat' dir='ltr'>rag.</span> <span class='ocrx_word' id='word_1_6' title='bbox 156 353 205 399; x_wconf 74' lang='grc' dir='ltr'>ιη</span> <span class='ocrx_word' id='word_1_7' title='bbox 222 328 349 409; x_wconf 71' lang='lat' dir='ltr'>Vtrisque</span> <span class='ocrx_word' id='word_1_8' title='bbox 366 338 414 390; x_wconf 76' lang='lat' dir='ltr'>ote·</span> <span class='ocrx_word' id='word_1_9' title='bbox 433 332 498 387; x_wconf 77' lang='lat' dir='ltr'>Mea</span> <span class='ocrx_word' id='word_1_10' title='bbox 516 346 606 403; x_wconf 80' lang='lat' dir='ltr'>nempe</span> <span class='ocrx_word' id='word_1_11' title='bbox 624 330 682 387; x_wconf 81' lang='lat' dir='ltr'>voti</span> <span class='ocrx_word' id='word_1_12' title='bbox 701 332 817 393; x_wconf 80' lang='lat' dir='ltr'>nondum</span> <span class='ocrx_word' id='word_1_13' title='bbox 835 336 974 398; x_wconf 78' lang='lat' dir='ltr'>obsecuta.</span> 
     </span>
    </p>

    <p class='ocr_par' dir='ltr' id='par_1_3' title="bbox 108 409 1011 628">
     <span class='ocr_line' id='line_1_3' title="bbox 146 409 1010 485; baseline -0.002 -20"><span class='ocrx_word' id='word_1_14' title='bbox 146 414 210 485; x_wconf 73' lang='lat' dir='ltr'>Jam</span> <span class='ocrx_word' id='word_1_15' title='bbox 229 427 273 466; x_wconf 80' lang='lat' dir='ltr'>vos</span> <span class='ocrx_word' id='word_1_16' title='bbox 291 427 334 483; x_wconf 80' lang='lat' dir='ltr'>rgo</span> <span class='ocrx_word' id='word_1_17' title='bbox 351 416 398 461; x_wconf 76' lang='lat' dir='ltr'>&amp;o</span> <span class='ocrx_word' id='word_1_18' title='bbox 418 411 479 462; x_wconf 88' lang='lat' dir='ltr'>Non</span> <span class='ocrx_word' id='word_1_19' title='bbox 499 424 563 477; x_wconf 79' lang='lat' dir='ltr'>vos,</span> <span class='ocrx_word' id='word_1_20' title='bbox 581 422 610 460; x_wconf 91' lang='lat' dir='ltr'>ut</span> <span class='ocrx_word' id='word_1_21' title='bbox 629 409 878 475; x_wconf 84' lang='lat' dir='ltr'>ptius,Eumenidas</span> <span class='ocrx_word' id='word_1_22' title='bbox 896 417 1010 482; x_wconf 65' lang='lat' dir='ltr'>appella.</span> 
     </span>
     <span class='ocr_line' id='line_1_4' title="bbox 108 483 1011 555; baseline 0.004 -15"><span class='ocrx_word' id='word_1_23' title='bbox 108 484 159 555; x_wconf 82' lang='lat' dir='ltr'>bo,</span> <span class='ocrx_word' id='word_1_24' title='bbox 176 483 218 539; x_wconf 89' lang='lat' dir='ltr'>sed</span> <span class='ocrx_word' id='word_1_25' title='bbox 238 487 341 553; x_wconf 85' lang='lat' dir='ltr'>Stygias</span> <span class='ocrx_word' id='word_1_26' title='bbox 359 498 452 544; x_wconf 70' lang='lat' dir='ltr'>canes,</span> <span class='ocrx_word' id='word_1_27' title='bbox 471 489 494 533; x_wconf 80' lang='lat' dir='ltr'>ot</span> <span class='ocrx_word' id='word_1_28' title='bbox 513 485 642 535; x_wconf 83' lang='lat' dir='ltr'>excitatas</span> <span class='ocrx_word' id='word_1_29' title='bbox 661 483 688 534; x_wconf 92' lang='lat' dir='ltr'>in</span> <span class='ocrx_word' id='word_1_30' title='bbox 707 483 818 550; x_wconf 84' lang='lat' dir='ltr'>superna</span> <span class='ocrx_word' id='word_1_31' title='bbox 836 484 894 538; x_wconf 83' lang='lat' dir='ltr'>luce</span> <span class='ocrx_word' id='word_1_32' title='bbox 912 487 1011 544; x_wconf 86' lang='lat' dir='ltr'>detine-</span> 
     </span>
     <span class='ocr_line' id='line_1_5' title="bbox 111 552 668 628; baseline -0.009 -14"><span class='ocrx_word' id='word_1_33' title='bbox 111 561 163 622; x_wconf 87' lang='lat' dir='ltr'>bo,</span> <span class='ocrx_word' id='word_1_34' title='bbox 181 557 313 628; x_wconf 86' lang='lat' dir='ltr'>nequead</span> <span class='ocrx_word' id='word_1_35' title='bbox 333 552 437 609; x_wconf 74' lang='lat' dir='ltr'>inferos</span> <span class='ocrx_word' id='word_1_36' title='bbox 454 555 546 610; x_wconf 86' lang='lat' dir='ltr'>teverti</span> <span class='ocrx_word' id='word_1_37' title='bbox 565 554 668 623; x_wconf 85' lang='lat' dir='ltr'>patiar.</span> 
     </span>
    </p>

    <p class='ocr_par' dir='ltr' id='par_1_4' title="bbox 108 624 1010 847">
     <span class='ocr_line' id='line_1_6' title="bbox 146 624 1010 704; baseline -0.002 -16"><span class='ocrx_word' id='word_1_38' title='bbox 146 628 263 704; x_wconf 79' lang='lat' dir='ltr'><em>Eloquar</em></span> <span class='ocrx_word' id='word_1_39' title='bbox 280 638 327 684; x_wconf 78' lang='lat' dir='ltr'>&amp;e-</span> <span class='ocrx_word' id='word_1_40' title='bbox 345 627 481 692; x_wconf 79' lang='lat' dir='ltr'>Referam,</span> <span class='ocrx_word' id='word_1_41' title='bbox 498 646 578 699; x_wconf 89' lang='lat' dir='ltr'>quatn</span> <span class='ocrx_word' id='word_1_42' title='bbox 598 628 643 682; x_wconf 91' lang='lat' dir='ltr'>vili</span> <span class='ocrx_word' id='word_1_43' title='bbox 663 624 720 683; x_wconf 85' lang='lat' dir='ltr'>cibo</span> <span class='ocrx_word' id='word_1_44' title='bbox 734 634 844 687; x_wconf 83' lang='lat' dir='ltr'>vescaris</span> <span class='ocrx_word' id='word_1_45' title='bbox 860 632 930 699; x_wconf 90' lang='lat' dir='ltr'>apud</span> <span class='ocrx_word' id='word_1_46' title='bbox 941 631 1010 686; x_wconf 72' lang='lat' dir='ltr'>infe-</span> 
     </span>
     <span class='ocr_line' id='line_1_7' title="bbox 108 700 1010 775; baseline 0.003 -17"><span class='ocrx_word' id='word_1_47' title='bbox 108 717 167 774; x_wconf 80' lang='lat' dir='ltr'>ros,</span> <span class='ocrx_word' id='word_1_48' title='bbox 184 708 352 773; x_wconf 81' lang='lat' dir='ltr'>Proserpina.</span> <span class='ocrx_word' id='word_1_49' title='bbox 371 709 516 757; x_wconf 84' lang='lat' dir='ltr'>Hennaeam</span> <span class='ocrx_word' id='word_1_50' title='bbox 535 700 602 757; x_wconf 84' lang='lat' dir='ltr'>hanc</span> <span class='ocrx_word' id='word_1_51' title='bbox 621 706 787 760; x_wconf 85' lang='lat' dir='ltr'>votatl’oeta</span> <span class='ocrx_word' id='word_1_52' title='bbox 804 706 836 761; x_wconf 89' lang='lat' dir='ltr'>ab</span> <span class='ocrx_word' id='word_1_53' title='bbox 848 707 954 775; x_wconf 83' lang='lat' dir='ltr'>Henna,</span> <span class='ocrx_word' id='word_1_54' title='bbox 972 711 1010 762; x_wconf 85' lang='lat' dir='ltr'>Si·</span> 
     </span>
     <span class='ocr_line' id='line_1_8' title="bbox 109 772 698 847; baseline -0.003 -14"><span class='ocrx_word' id='word_1_55' title='bbox 109 779 176 833; x_wconf 85' lang='lat' dir='ltr'>eilire</span> <span class='ocrx_word' id='word_1_56' title='bbox 194 779 304 847; x_wconf 77' lang='lat' dir='ltr'>oppido,</span> <span class='ocrx_word' id='word_1_57' title='bbox 323 775 365 831; x_wconf 82' lang='lat' dir='ltr'>ubi</span> <span class='ocrx_word' id='word_1_58' title='bbox 380 791 455 844; x_wconf 86' lang='lat' dir='ltr'>rapta</span> <span class='ocrx_word' id='word_1_59' title='bbox 474 794 490 830; x_wconf 83' lang='lat' dir='ltr'>a</span> <span class='ocrx_word' id='word_1_60' title='bbox 508 772 613 829; x_wconf 88' lang='lat' dir='ltr'>Plutone</span> <span class='ocrx_word' id='word_1_61' title='bbox 630 776 698 831; x_wconf 82' lang='lat' dir='ltr'>fuit.</span> 
     </span>
    </p>

    <p class='ocr_par' dir='ltr' id='par_1_5' title="bbox 107 849 1009 1068">
     <span class='ocr_line' id='line_1_9' title="bbox 147 849 1009 921; baseline 0 -14"><span class='ocrx_word' id='word_1_62' title='bbox 147 853 195 907; x_wconf 81' lang='lat' dir='ltr'>An</span> <span class='ocrx_word' id='word_1_63' title='bbox 214 849 260 907; x_wconf 78' lang='lat' dir='ltr'>ille</span> <span class='ocrx_word' id='word_1_64' title='bbox 277 859 324 906; x_wconf 78' lang='lat' dir='ltr'>dre·</span> <span class='ocrx_word' id='word_1_65' title='bbox 344 852 527 919; x_wconf 80' lang='lat' dir='ltr'>Demogorgon</span> <span class='ocrx_word' id='word_1_66' title='bbox 556 849 652 904; x_wconf 85' lang='lat' dir='ltr'>seilicet</span> <span class='ocrx_word' id='word_1_67' title='bbox 676 850 779 904; x_wconf 88' lang='lat' dir='ltr'>deorum</span> <span class='ocrx_word' id='word_1_68' title='bbox 798 852 919 906; x_wconf 87' lang='lat' dir='ltr'>Manium</span> <span class='ocrx_word' id='word_1_69' title='bbox 941 852 1009 921; x_wconf 84' lang='lat' dir='ltr'>prin-</span> 
     </span>
     <span class='ocr_line' id='line_1_10' title="bbox 107 919 1009 993; baseline 0.003 -16"><span class='ocrx_word' id='word_1_70' title='bbox 107 936 187 993; x_wconf 78' lang='lat' dir='ltr'>ceps,</span> <span class='ocrx_word' id='word_1_71' title='bbox 204 926 280 988; x_wconf 81' lang='lat' dir='ltr'>eujus</span> <span class='ocrx_word' id='word_1_72' title='bbox 299 936 394 979; x_wconf 83' lang='lat' dir='ltr'>nomen</span> <span class='ocrx_word' id='word_1_73' title='bbox 412 939 532 979; x_wconf 85' lang='lat' dir='ltr'>arcanum</span> <span class='ocrx_word' id='word_1_74' title='bbox 551 931 575 977; x_wconf 76' lang='grc' dir='ltr'>ὰ</span> <span class='ocrx_word' id='word_1_75' title='bbox 594 919 722 977; x_wconf 85' lang='lat' dir='ltr'>ineffabile</span> <span class='ocrx_word' id='word_1_76' title='bbox 747 925 815 978; x_wconf 88' lang='lat' dir='ltr'>inter</span> <span class='ocrx_word' id='word_1_77' title='bbox 841 940 930 980; x_wconf 82' lang='lat' dir='ltr'>caeteta</span> <span class='ocrx_word' id='word_1_78' title='bbox 949 928 1009 981; x_wconf 87' lang='lat' dir='ltr'>deo·</span> 
     </span>
     <span class='ocr_line' id='line_1_11' title="bbox 109 996 1007 1068; baseline 0.001 -15"><span class='ocrx_word' id='word_1_79' title='bbox 109 1015 169 1053; x_wconf 86' lang='lat' dir='ltr'>tum</span> <span class='ocrx_word' id='word_1_80' title='bbox 188 1002 295 1053; x_wconf 84' lang='lat' dir='ltr'>nomina</span> <span class='ocrx_word' id='word_1_81' title='bbox 311 1002 395 1052; x_wconf 84' lang='lat' dir='ltr'>citare</span> <span class='ocrx_word' id='word_1_82' title='bbox 411 996 502 1064; x_wconf 83' lang='lat' dir='ltr'>nefas,</span> <span class='ocrx_word' id='word_1_83' title='bbox 520 997 571 1050; x_wconf 83' lang='lat' dir='ltr'>nisi</span> <span class='ocrx_word' id='word_1_84' title='bbox 585 1014 689 1052; x_wconf 82' lang='lat' dir='ltr'>summa</span> <span class='ocrx_word' id='word_1_85' title='bbox 707 1011 814 1068; x_wconf 83' lang='lat' dir='ltr'>urgente</span> <span class='ocrx_word' id='word_1_86' title='bbox 837 1003 1007 1055; x_wconf 72' lang='lat' dir='ltr'>necessitate.</span> 
     </span>
    </p>

    <p class='ocr_par' dir='ltr' id='par_1_6' title="bbox 109 1066 1009 1212">
     <span class='ocr_line' id='line_1_12' title="bbox 148 1066 1009 1145; baseline 0.003 -22"><span class='ocrx_word' id='word_1_87' title='bbox 148 1072 213 1145; x_wconf 50' lang='lat' dir='ltr'>gui</span> <span class='ocrx_word' id='word_1_88' title='bbox 230 1077 403 1144; x_wconf 80' lang='lat' dir='ltr'>Gorgona&amp;c.</span> <span class='ocrx_word' id='word_1_89' title='bbox 422 1070 473 1136; x_wconf 80' lang='lat' dir='ltr'>Qui</span> <span class='ocrx_word' id='word_1_90' title='bbox 492 1066 619 1136; x_wconf 88' lang='lat' dir='ltr'>clipeum,</span> <span class='ocrx_word' id='word_1_91' title='bbox 639 1075 667 1124; x_wconf 89' lang='lat' dir='ltr'>in</span> <span class='ocrx_word' id='word_1_92' title='bbox 684 1089 738 1141; x_wconf 86' lang='lat' dir='ltr'>quo</span> <span class='ocrx_word' id='word_1_93' title='bbox 746 1072 858 1126; x_wconf 77' lang='lat' dir='ltr'>Medusae</span> <span class='ocrx_word' id='word_1_94' title='bbox 876 1086 952 1140; x_wconf 66' lang='lat' dir='ltr'>capu</span> <span class='ocrx_word' id='word_1_95' title='bbox 969 1086 1009 1126; x_wconf 82' lang='lat' dir='ltr'>est</span> 
     </span>
     <span class='ocr_line' id='line_1_13' title="bbox 109 1140 892 1212; baseline -0.004 -13"><span class='ocrx_word' id='word_1_96' title='bbox 109 1140 229 1199; x_wconf 77' lang='lat' dir='ltr'>homines</span> <span class='ocrx_word' id='word_1_97' title='bbox 247 1160 400 1198; x_wconf 84' lang='lat' dir='ltr'>convertens</span> <span class='ocrx_word' id='word_1_98' title='bbox 420 1149 446 1197; x_wconf 85' lang='lat' dir='ltr'>in</span> <span class='ocrx_word' id='word_1_99' title='bbox 465 1143 574 1210; x_wconf 88' lang='lat' dir='ltr'>lapides,</span> <span class='ocrx_word' id='word_1_100' title='bbox 586 1146 648 1197; x_wconf 62' lang='lat' dir='ltr'>‘sine</span> <span class='ocrx_word' id='word_1_101' title='bbox 667 1143 778 1212; x_wconf 79' lang='lat' dir='ltr'>periculo</span> <span class='ocrx_word' id='word_1_102' title='bbox 794 1144 892 1197; x_wconf 84' lang='lat' dir='ltr'>cernit.</span> 
     </span>
    </p>

    <p class='ocr_par' dir='ltr' id='par_1_7' title="bbox 64 1214 1010 1361">
     <span class='ocr_line' id='line_1_14' title="bbox 67 1214 1007 1292; baseline -0.002 -21"><span class='ocrx_word' id='word_1_103' title='bbox 67 1214 135 1289; x_wconf 78' lang='lat' dir='ltr'>Psg·</span> <span class='ocrx_word' id='word_1_104' title='bbox 158 1220 204 1279; x_wconf 83' lang='lat'>198</span> <span class='ocrx_word' id='word_1_105' title='bbox 224 1223 381 1292; x_wconf 76' lang='lat' dir='ltr'>Nepam,</span> <span class='ocrx_word' id='word_1_106' title='bbox 395 1229 496 1290; x_wconf 79' lang='lat' dir='ltr'>precor.</span> <span class='ocrx_word' id='word_1_107' title='bbox 516 1219 623 1283; x_wconf 82' lang='lat' dir='ltr'>Precor,</span> <span class='ocrx_word' id='word_1_108' title='bbox 642 1221 794 1273; x_wconf 79' lang='lat' dir='ltr'>reverearis</span> <span class='ocrx_word' id='word_1_109' title='bbox 802 1235 863 1273; x_wconf 80' lang='lat' dir='ltr'>sera</span> <span class='ocrx_word' id='word_1_110' title='bbox 872 1215 1007 1288; x_wconf 73' lang='lat' dir='ltr'>proloqu.</span> 
     </span>
     <span class='ocr_line' id='line_1_15' title="bbox 64 1288 1010 1361; baseline -0.011 -12"><span class='ocrx_word' id='word_1_111' title='bbox 64 1295 135 1361; x_wconf 75' lang='lat' dir='ltr'>Pag-</span> <span class='ocrx_word' id='word_1_112' title='bbox 157 1308 204 1352; x_wconf 80' lang='lat'>¹99</span> <span class='ocrx_word' id='word_1_113' title='bbox 222 1288 352 1347; x_wconf 69' lang='lat' dir='ltr'>Diversi.</span> <span class='ocrx_word' id='word_1_114' title='bbox 369 1295 411 1345; x_wconf 80' lang='lat' dir='ltr'>Etr</span> <span class='ocrx_word' id='word_1_115' title='bbox 430 1291 536 1347; x_wconf 83' lang='lat' dir='ltr'>diversis</span> <span class='ocrx_word' id='word_1_116' title='bbox 553 1293 711 1359; x_wconf 78' lang='lat' dir='ltr'>emigrantes</span> <span class='ocrx_word' id='word_1_117' title='bbox 728 1291 805 1345; x_wconf 85' lang='lat' dir='ltr'>locis·</span> <span class='ocrx_word' id='word_1_118' title='bbox 923 1305 926 1311; x_wconf 90' lang='lat'>·</span> <span class='ocrx_word' id='word_1_119' title='bbox 1006 1330 1010 1339; x_wconf 87' lang='grc'><em>.</em></span> 
     </span>
    </p>

    <p class='ocr_par' dir='ltr' id='par_1_8' title="bbox 106 1363 1008 1499">
     <span class='ocr_line' id='line_1_16' title="bbox 145 1363 1008 1435; baseline 0 -15"><span class='ocrx_word' id='word_1_120' title='bbox 145 1363 289 1421; x_wconf 73' lang='lat' dir='ltr'>Lustrales</span> <span class='ocrx_word' id='word_1_121' title='bbox 313 1372 360 1419; x_wconf 80' lang='lat' dir='ltr'>dte.</span> <span class='ocrx_word' id='word_1_122' title='bbox 386 1366 453 1416; x_wconf 87' lang='lat' dir='ltr'>Nam</span> <span class='ocrx_word' id='word_1_123' title='bbox 478 1379 506 1417; x_wconf 84' lang='lat' dir='ltr'>se</span> <span class='ocrx_word' id='word_1_124' title='bbox 532 1364 628 1417; x_wconf 81' lang='lat' dir='ltr'>Decius</span> <span class='ocrx_word' id='word_1_125' title='bbox 651 1379 753 1431; x_wconf 88' lang='lat' dir='ltr'>uterque</span> <span class='ocrx_word' id='word_1_126' title='bbox 777 1366 940 1420; x_wconf 74' lang='lat' dir='ltr'>dovoverunt</span> <span class='ocrx_word' id='word_1_127' title='bbox 964 1378 1008 1435; x_wconf 78' lang='lat' dir='ltr'>pto</span> 
     </span>
     <span class='ocr_line' id='line_1_17' title="bbox 106 1435 972 1499; baseline -0.003 -6"><span class='ocrx_word' id='word_1_128' title='bbox 106 1442 270 1495; x_wconf 80' lang='lat' dir='ltr'>exercituum</span> <span class='ocrx_word' id='word_1_129' title='bbox 287 1435 369 1492; x_wconf 85' lang='lat' dir='ltr'>salute</span> <span class='ocrx_word' id='word_1_130' title='bbox 387 1436 415 1489; x_wconf 86' lang='lat' dir='ltr'>iu</span> <span class='ocrx_word' id='word_1_131' title='bbox 432 1436 505 1490; x_wconf 86' lang='lat' dir='ltr'>bellis</span> <span class='ocrx_word' id='word_1_132' title='bbox 523 1451 617 1491; x_wconf 83' lang='lat' dir='ltr'>eontra</span> <span class='ocrx_word' id='word_1_133' title='bbox 633 1437 781 1492; x_wconf 81' lang='lat' dir='ltr'>Samnites.</span> <span class='ocrx_word' id='word_1_134' title='bbox 970 1496 972 1499; x_wconf 57' lang='grc'><strong>,</strong></span> 
     </span>
    </p>

    <p class='ocr_par' dir='ltr' id='par_1_9' title="bbox 106 1509 1008 1724">
     <span class='ocr_line' id='line_1_18' title="bbox 146 1509 1008 1582; baseline -0.001 -12"><span class='ocrx_word' id='word_1_135' title='bbox 146 1509 256 1571; x_wconf 78' lang='lat' dir='ltr'>sullam</span> <span class='ocrx_word' id='word_1_136' title='bbox 274 1518 320 1566; x_wconf 72' lang='lat' dir='ltr'>otc·</span> <span class='ocrx_word' id='word_1_137' title='bbox 339 1511 508 1566; x_wconf 77' lang='lat' dir='ltr'>DeFottuna</span> <span class='ocrx_word' id='word_1_138' title='bbox 527 1509 663 1577; x_wconf 78' lang='lat' dir='ltr'>iniquitate</span> <span class='ocrx_word' id='word_1_139' title='bbox 681 1511 794 1578; x_wconf 84' lang='lat' dir='ltr'>queritur</span> <span class='ocrx_word' id='word_1_140' title='bbox 810 1511 843 1564; x_wconf 88' lang='lat' dir='ltr'>ob</span> <span class='ocrx_word' id='word_1_141' title='bbox 861 1526 945 1580; x_wconf 88' lang='lat' dir='ltr'>partes</span> <span class='ocrx_word' id='word_1_142' title='bbox 962 1529 1008 1582; x_wconf 87' lang='lat' dir='ltr'>pa·</span> 
     </span>
     <span class='ocr_line' id='line_1_19' title="bbox 107 1577 1007 1650; baseline 0 -11"><span class='ocrx_word' id='word_1_143' title='bbox 107 1577 193 1645; x_wconf 71' lang='lat' dir='ltr'>tricies</span> <span class='ocrx_word' id='word_1_144' title='bbox 210 1604 226 1641; x_wconf 91' lang='lat' dir='ltr'>a</span> <span class='ocrx_word' id='word_1_145' title='bbox 244 1586 344 1641; x_wconf 74' lang='lat' dir='ltr'>Curate</span> <span class='ocrx_word' id='word_1_146' title='bbox 367 1598 514 1650; x_wconf 82' lang='lat' dir='ltr'>oppressas,</span> <span class='ocrx_word' id='word_1_147' title='bbox 532 1581 559 1633; x_wconf 89' lang='lat' dir='ltr'>itt</span> <span class='ocrx_word' id='word_1_148' title='bbox 577 1580 714 1648; x_wconf 73' lang='lat' dir='ltr'>quibus&amp;</span> <span class='ocrx_word' id='word_1_149' title='bbox 733 1581 802 1637; x_wconf 84' lang='lat' dir='ltr'>lilius</span> <span class='ocrx_word' id='word_1_150' title='bbox 819 1585 877 1646; x_wconf 78' lang='lat' dir='ltr'>eius</span> <span class='ocrx_word' id='word_1_151' title='bbox 895 1589 1007 1639; x_wconf 80' lang='lat' dir='ltr'>Faustus</span> 
     </span>
     <span class='ocr_line' id='line_1_20' title="bbox 106 1653 1006 1724; baseline -0.008 -11"><span class='ocrx_word' id='word_1_152' title='bbox 106 1677 168 1714; x_wconf 84' lang='lat' dir='ltr'>runt</span> <span class='ocrx_word' id='word_1_153' title='bbox 186 1660 240 1715; x_wconf 85' lang='lat' dir='ltr'>suis</span> <span class='ocrx_word' id='word_1_154' title='bbox 259 1659 415 1724; x_wconf 81' lang='lat' dir='ltr'>interceptus</span> <span class='ocrx_word' id='word_1_155' title='bbox 435 1659 529 1720; x_wconf 84' lang='lat' dir='ltr'>petiit,</span> <span class='ocrx_word' id='word_1_156' title='bbox 545 1668 604 1707; x_wconf 88' lang='lat' dir='ltr'>otta</span> <span class='ocrx_word' id='word_1_157' title='bbox 623 1653 1006 1711; x_wconf 80' lang='lat' dir='ltr'>iuterexercitusdissettsione.</span> 
     </span>
    </p>

    <p class='ocr_par' dir='ltr' id='par_1_10' title="bbox 105 1724 1007 1873">
     <span class='ocr_line' id='line_1_21' title="bbox 145 1724 1007 1807; baseline -0.008 -19"><span class='ocrx_word' id='word_1_158' title='bbox 145 1732 247 1807; x_wconf 79' lang='lat' dir='ltr'>scipio.</span> <span class='ocrx_word' id='word_1_159' title='bbox 266 1731 349 1798; x_wconf 82' lang='lat' dir='ltr'>Scipio</span> <span class='ocrx_word' id='word_1_160' title='bbox 366 1728 521 1783; x_wconf 81' lang='lat' dir='ltr'>AEmilianus</span> <span class='ocrx_word' id='word_1_161' title='bbox 539 1726 651 1792; x_wconf 82' lang='lat' dir='ltr'>deplorat</span> <span class='ocrx_word' id='word_1_162' title='bbox 673 1724 706 1778; x_wconf 61' lang='lat' dir='ltr'>l„</span> <span class='ocrx_word' id='word_1_163' title='bbox 722 1730 867 1794; x_wconf 77' lang='lat' dir='ltr'>Scipionem</span> <span class='ocrx_word' id='word_1_164' title='bbox 892 1729 1007 1800; x_wconf 70' lang='lat' dir='ltr'>Pompeii</span> 
     </span>
     <span class='ocr_line' id='line_1_22' title="bbox 105 1797 916 1873; baseline -0.015 -8"><span class='ocrx_word' id='word_1_165' title='bbox 105 1818 223 1865; x_wconf 67' lang='lat' dir='ltr'>socerum</span> <span class='ocrx_word' id='word_1_166' title='bbox 242 1809 383 1873; x_wconf 88' lang='lat' dir='ltr'>petiturum</span> <span class='ocrx_word' id='word_1_167' title='bbox 401 1800 429 1855; x_wconf 82' lang='lat' dir='ltr'>‘ut</span> <span class='ocrx_word' id='word_1_168' title='bbox 447 1799 551 1863; x_wconf 72' lang='lat' dir='ltr'>Africa,</span> <span class='ocrx_word' id='word_1_169' title='bbox 567 1814 645 1866; x_wconf 83' lang='lat' dir='ltr'>quam</span> <span class='ocrx_word' id='word_1_170' title='bbox 664 1798 716 1864; x_wconf 85' lang='lat' dir='ltr'>ipse</span> <span class='ocrx_word' id='word_1_171' title='bbox 732 1797 916 1856; x_wconf 76' lang='lat' dir='ltr'>debellaverat.</span> 
     </span>
    </p>

    <p class='ocr_par' dir='ltr' id='par_1_11' title="bbox 104 1873 1008 2083">
     <span class='ocr_line' id='line_1_23' title="bbox 145 1873 1006 1944; baseline -0.007 -10"><span class='ocrx_word' id='word_1_172' title='bbox 145 1876 240 1938; x_wconf 74' lang='lat' dir='ltr'>solum</span> <span class='ocrx_word' id='word_1_173' title='bbox 257 1886 307 1930; x_wconf 75' lang='lat' dir='ltr'>tor.</span> <span class='ocrx_word' id='word_1_174' title='bbox 325 1878 358 1931; x_wconf 88' lang='lat' dir='ltr'>L·</span> <span class='ocrx_word' id='word_1_175' title='bbox 373 1873 470 1944; x_wconf 87' lang='lat' dir='ltr'>Junius</span> <span class='ocrx_word' id='word_1_176' title='bbox 487 1877 603 1935; x_wconf 88' lang='lat' dir='ltr'>Brutus,</span> <span class='ocrx_word' id='word_1_177' title='bbox 621 1887 709 1941; x_wconf 81' lang='lat' dir='ltr'>regum</span> <span class='ocrx_word' id='word_1_178' title='bbox 728 1873 847 1938; x_wconf 73' lang='lat' dir='ltr'>esaum,</span> <span class='ocrx_word' id='word_1_179' title='bbox 863 1892 893 1929; x_wconf 90' lang='lat' dir='ltr'>ea</span> <span class='ocrx_word' id='word_1_180' title='bbox 910 1873 1006 1942; x_wconf 86' lang='lat' dir='ltr'>spedu·</span> 
     </span>
     <span class='ocr_line' id='line_1_24' title="bbox 104 1943 1008 2019; baseline -0.002 -14"><span class='ocrx_word' id='word_1_181' title='bbox 104 1947 163 2011; x_wconf 67' lang='lat' dir='ltr'>&amp;ets</span> <span class='ocrx_word' id='word_1_182' title='bbox 182 1947 316 2013; x_wconf 82' lang='lat' dir='ltr'>exsultat,</span> <span class='ocrx_word' id='word_1_183' title='bbox 332 1949 399 2019; x_wconf 82' lang='lat' dir='ltr'>quod</span> <span class='ocrx_word' id='word_1_184' title='bbox 416 1950 501 2003; x_wconf 72' lang='lat' dir='ltr'>Cesar</span> <span class='ocrx_word' id='word_1_185' title='bbox 516 1964 533 2002; x_wconf 86' lang='lat' dir='ltr'>a</span> <span class='ocrx_word' id='word_1_186' title='bbox 551 1943 688 2016; x_wconf 77' lang='lat' dir='ltr'>nepotibus</span> <span class='ocrx_word' id='word_1_187' title='bbox 706 1946 759 2000; x_wconf 84' lang='lat' dir='ltr'>suis</span> <span class='ocrx_word' id='word_1_188' title='bbox 778 1948 816 1999; x_wconf 87' lang='grc' dir='ltr'>Μ.</span> <span class='ocrx_word' id='word_1_189' title='bbox 839 1955 865 2003; x_wconf 73' lang='lat' dir='ltr'>or</span> <span class='ocrx_word' id='word_1_190' title='bbox 883 1949 921 2004; x_wconf 87' lang='lat' dir='ltr'>D.</span> <span class='ocrx_word' id='word_1_191' title='bbox 939 1951 1008 2003; x_wconf 89' lang='lat' dir='ltr'>Bru·</span> 
     </span>
     <span class='ocr_line' id='line_1_25' title="bbox 106 2023 454 2083; baseline -0.009 -3"><span class='ocrx_word' id='word_1_192' title='bbox 106 2030 143 2083; x_wconf 87' lang='lat' dir='ltr'>tis</span> <span class='ocrx_word' id='word_1_193' title='bbox 159 2023 351 2082; x_wconf 82' lang='lat' dir='ltr'>interficiendus</span> <span class='ocrx_word' id='word_1_194' title='bbox 368 2035 454 2079; x_wconf 81' lang='lat' dir='ltr'>esset.</span> 
     </span>
    </p>

    <p class='ocr_par' dir='ltr' id='par_1_12' title="bbox 145 2091 642 2171">
     <span class='ocr_line' id='line_1_26' title="bbox 145 2091 642 2171; baseline -0.024 -15"><span class='ocrx_word' id='word_1_195' title='bbox 145 2094 280 2171; x_wconf 69' lang='lat' dir='ltr'>trudique</span> <span class='ocrx_word' id='word_1_196' title='bbox 296 2093 422 2171; x_wconf 74' lang='lat' dir='ltr'>Cethegi·</span> <span class='ocrx_word' id='word_1_197' title='bbox 440 2091 579 2164; x_wconf 78' lang='lat' dir='ltr'>Videpag.</span> <span class='ocrx_word' id='word_1_198' title='bbox 598 2099 642 2149; x_wconf 76' lang='lat' dir='ltr'>ot.</span> 
     </span>
    </p>

    <p class='ocr_par' dir='ltr' id='par_1_13' title="bbox 103 2163 1006 2459">
     <span class='ocr_line' id='line_1_27' title="bbox 143 2163 1005 2238; baseline 0.001 -13"><span class='ocrx_word' id='word_1_199' title='bbox 143 2171 262 2227; x_wconf 68' lang='lat' dir='ltr'>Douros.</span> <span class='ocrx_word' id='word_1_200' title='bbox 281 2169 373 2228; x_wconf 89' lang='lat' dir='ltr'>Livius</span> <span class='ocrx_word' id='word_1_201' title='bbox 391 2171 493 2224; x_wconf 83' lang='lat' dir='ltr'>Drusus</span> <span class='ocrx_word' id='word_1_202' title='bbox 510 2170 583 2222; x_wconf 86' lang='lat' dir='ltr'>Trib.</span> <span class='ocrx_word' id='word_1_203' title='bbox 604 2166 638 2238; x_wconf 86' lang='lat' dir='ltr'>pl.</span> <span class='ocrx_word' id='word_1_204' title='bbox 657 2164 743 2235; x_wconf 90' lang='lat' dir='ltr'>populi</span> <span class='ocrx_word' id='word_1_205' title='bbox 770 2163 941 2225; x_wconf 78' lang='lat' dir='ltr'>&amp;Sociorum</span> <span class='ocrx_word' id='word_1_206' title='bbox 965 2166 1005 2226; x_wconf 74' lang='lat' dir='ltr'>fa·</span> 
     </span>
     <span class='ocr_line' id='line_1_28' title="bbox 106 2242 1006 2312; baseline -0.001 -14"><span class='ocrx_word' id='word_1_207' title='bbox 106 2255 194 2306; x_wconf 78' lang='lat' dir='ltr'>potem</span> <span class='ocrx_word' id='word_1_208' title='bbox 212 2245 361 2304; x_wconf 73' lang='lat' dir='ltr'>emoriturus</span> <span class='ocrx_word' id='word_1_209' title='bbox 376 2242 608 2312; x_wconf 80' lang='lat' dir='ltr'>legtm&#39;Agtatiatu</span> <span class='ocrx_word' id='word_1_210' title='bbox 627 2250 651 2294; x_wconf 76' lang='lat' dir='ltr'>ur</span> <span class='ocrx_word' id='word_1_211' title='bbox 669 2242 877 2298; x_wconf 70' lang='lat' dir='ltr'>frumentariam</span> <span class='ocrx_word' id='word_1_212' title='bbox 896 2242 1006 2312; x_wconf 85' lang='lat' dir='ltr'>perferte</span> 
     </span>
     <span class='ocr_line' id='line_1_29' title="bbox 103 2314 1006 2385; baseline 0.003 -15"><span class='ocrx_word' id='word_1_213' title='bbox 103 2331 219 2376; x_wconf 77' lang='lat' dir='ltr'>conatus</span> <span class='ocrx_word' id='word_1_214' title='bbox 234 2333 292 2382; x_wconf 79' lang='lat' dir='ltr'>est,</span> <span class='ocrx_word' id='word_1_215' title='bbox 309 2326 334 2376; x_wconf 76' lang='lat' dir='ltr'>tr</span> <span class='ocrx_word' id='word_1_216' title='bbox 352 2317 437 2372; x_wconf 82' lang='lat' dir='ltr'>Socios</span> <span class='ocrx_word' id='word_1_217' title='bbox 453 2316 486 2372; x_wconf 81' lang='lat' dir='ltr'>ad</span> <span class='ocrx_word' id='word_1_218' title='bbox 503 2333 575 2385; x_wconf 83' lang='lat' dir='ltr'>spem</span> <span class='ocrx_word' id='word_1_219' title='bbox 591 2314 709 2369; x_wconf 82' lang='lat' dir='ltr'>civitatis</span> <span class='ocrx_word' id='word_1_220' title='bbox 732 2318 834 2374; x_wconf 79' lang='lat' dir='ltr'>erexite</span> <span class='ocrx_word' id='word_1_221' title='bbox 858 2318 928 2372; x_wconf 90' lang='lat' dir='ltr'>domi</span> <span class='ocrx_word' id='word_1_222' title='bbox 953 2335 1006 2373; x_wconf 74' lang='lat' dir='ltr'>suu</span> 
     </span>
     <span class='ocr_line' id='line_1_30' title="bbox 104 2396 329 2459; baseline 0.013 -15"><span class='ocrx_word' id='word_1_223' title='bbox 104 2406 199 2459; x_wconf 82' lang='lat' dir='ltr'>postea</span> <span class='ocrx_word' id='word_1_224' title='bbox 215 2396 329 2448; x_wconf 66' lang='lat' dir='ltr'>orcitus·</span> 
     </span>
    </p>

    <p class='ocr_par' dir='ltr' id='par_1_14' title="bbox 104 2451 1007 2676">
     <span class='ocr_line' id='line_1_31' title="bbox 144 2451 1005 2531; baseline -0.001 -11"><span class='ocrx_word' id='word_1_225' title='bbox 144 2461 292 2521; x_wconf 80' lang='lat' dir='ltr'>Gracchos.</span> <span class='ocrx_word' id='word_1_226' title='bbox 310 2457 370 2519; x_wconf 84' lang='lat' dir='ltr'>Tib.</span> <span class='ocrx_word' id='word_1_227' title='bbox 388 2469 413 2518; x_wconf 81' lang='lat' dir='ltr'>dr</span> <span class='ocrx_word' id='word_1_228' title='bbox 430 2463 460 2517; x_wconf 81' lang='lat' dir='ltr'>C·</span> <span class='ocrx_word' id='word_1_229' title='bbox 468 2457 578 2524; x_wconf 78' lang='lat' dir='ltr'>Gracchi</span> <span class='ocrx_word' id='word_1_230' title='bbox 597 2451 709 2528; x_wconf 78' lang='lat' dir='ltr'>fratres,</span> <span class='ocrx_word' id='word_1_231' title='bbox 727 2459 835 2518; x_wconf 79' lang='lat' dir='ltr'>Tribuni</span> <span class='ocrx_word' id='word_1_232' title='bbox 853 2458 951 2531; x_wconf 85' lang='lat' dir='ltr'>plebis,</span> <span class='ocrx_word' id='word_1_233' title='bbox 966 2478 1005 2519; x_wconf 84' lang='lat' dir='ltr'>se·</span> 
     </span>
     <span class='ocr_line' id='line_1_32' title="bbox 104 2532 1007 2609; baseline 0.006 -20"><span class='ocrx_word' id='word_1_234' title='bbox 104 2532 248 2598; x_wconf 84' lang='lat' dir='ltr'>ditionibus</span> <span class='ocrx_word' id='word_1_235' title='bbox 266 2535 620 2604; x_wconf 77' lang='lat' dir='ltr'>vexarentRempublicam,</span> <span class='ocrx_word' id='word_1_236' title='bbox 637 2532 805 2604; x_wconf 80' lang='lat' dir='ltr'>promulgatis</span> <span class='ocrx_word' id='word_1_237' title='bbox 822 2539 1007 2609; x_wconf 73' lang='lat' dir='ltr'>legibasAgta·</span> 
     </span>
     <span class='ocr_line' id='line_1_33' title="bbox 104 2610 553 2676; baseline -0.007 -15"><span class='ocrx_word' id='word_1_238' title='bbox 104 2612 163 2672; x_wconf 88' lang='lat' dir='ltr'>ria,</span> <span class='ocrx_word' id='word_1_239' title='bbox 181 2611 380 2673; x_wconf 77' lang='lat' dir='ltr'>Frumentatia,</span> <span class='ocrx_word' id='word_1_240' title='bbox 398 2610 553 2676; x_wconf 83' lang='lat' dir='ltr'>Iudiciaria.</span> 
     </span>
    </p>

    <p class='ocr_par' dir='ltr' id='par_1_15' title="bbox 105 2675 1007 2820">
     <span class='ocr_line' id='line_1_34' title="bbox 141 2675 1007 2757; baseline 0.003 -20"><span class='ocrx_word' id='word_1_241' title='bbox 141 2685 300 2757; x_wconf 77' lang='lat' dir='ltr'>Gomporque</span> <span class='ocrx_word' id='word_1_242' title='bbox 316 2692 365 2739; x_wconf 76' lang='lat' dir='ltr'>dec.</span> <span class='ocrx_word' id='word_1_243' title='bbox 384 2684 576 2738; x_wconf 81' lang='lat' dir='ltr'>Damnarotunt</span> <span class='ocrx_word' id='word_1_244' title='bbox 594 2675 686 2736; x_wconf 78' lang='lat' dir='ltr'>Manet</span> <span class='ocrx_word' id='word_1_245' title='bbox 703 2689 811 2751; x_wconf 80' lang='lat' dir='ltr'>poscunt</span> <span class='ocrx_word' id='word_1_246' title='bbox 819 2680 866 2737; x_wconf 86' lang='lat' dir='ltr'>sibi</span> <span class='ocrx_word' id='word_1_247' title='bbox 874 2680 1007 2753; x_wconf 79' lang='lat' dir='ltr'>Elysium,</span> 
     </span>
     <span class='ocr_line' id='line_1_35' title="bbox 105 2753 916 2820; baseline -0.004 -6"><span class='ocrx_word' id='word_1_248' title='bbox 105 2765 138 2814; x_wconf 80' lang='lat' dir='ltr'>ut</span> <span class='ocrx_word' id='word_1_249' title='bbox 156 2758 232 2812; x_wconf 85' lang='lat' dir='ltr'>novis</span> <span class='ocrx_word' id='word_1_250' title='bbox 249 2776 264 2811; x_wconf 88' lang='lat' dir='ltr'>e</span> <span class='ocrx_word' id='word_1_251' title='bbox 281 2756 347 2811; x_wconf 89' lang='lat' dir='ltr'>bello</span> <span class='ocrx_word' id='word_1_252' title='bbox 362 2753 431 2812; x_wconf 80' lang='lat' dir='ltr'>civili</span> <span class='ocrx_word' id='word_1_253' title='bbox 449 2756 555 2814; x_wconf 85' lang='lat' dir='ltr'>advenis</span> <span class='ocrx_word' id='word_1_254' title='bbox 572 2754 643 2808; x_wconf 86' lang='lat' dir='ltr'>locus</span> <span class='ocrx_word' id='word_1_255' title='bbox 659 2755 693 2809; x_wconf 84' lang='lat' dir='ltr'>ait</span> <span class='ocrx_word' id='word_1_256' title='bbox 710 2756 778 2820; x_wconf 88' lang='lat' dir='ltr'>apud</span> <span class='ocrx_word' id='word_1_257' title='bbox 798 2754 916 2811; x_wconf 86' lang='lat' dir='ltr'>Infetos.</span> 
     </span>
    </p>

    <p class='ocr_par' dir='ltr' id='par_1_16' title="bbox 65 2828 1005 2972">
     <span class='ocr_line' id='line_1_36' title="bbox 65 2828 1005 2905; baseline 0.006 -22"><span class='ocrx_word' id='word_1_258' title='bbox 65 2828 132 2897; x_wconf 78' lang='lat' dir='ltr'>Pag·</span> <span class='ocrx_word' id='word_1_259' title='bbox 151 2838 204 2880; x_wconf 82' lang='lat' dir='ltr'>too</span> <span class='ocrx_word' id='word_1_260' title='bbox 223 2843 296 2905; x_wconf 57' lang='lat' dir='ltr'>gua</span> <span class='ocrx_word' id='word_1_261' title='bbox 312 2829 427 2888; x_wconf 80' lang='lat' dir='ltr'>misceat</span> <span class='ocrx_word' id='word_1_262' title='bbox 447 2837 496 2883; x_wconf 72' lang='lat' dir='ltr'>uc.</span> <span class='ocrx_word' id='word_1_263' title='bbox 513 2832 572 2895; x_wconf 76' lang='lat' dir='ltr'>Qua</span> <span class='ocrx_word' id='word_1_264' title='bbox 588 2829 661 2882; x_wconf 89' lang='lat' dir='ltr'>inter</span> <span class='ocrx_word' id='word_1_265' title='bbox 677 2841 707 2882; x_wconf 89' lang='lat' dir='ltr'>se</span> <span class='ocrx_word' id='word_1_266' title='bbox 723 2828 1005 2898; x_wconf 83' lang='lat' dir='ltr'>digladiabuotutaeer·</span> 
     </span>
     <span class='ocr_line' id='line_1_37' title="bbox 105 2901 605 2972; baseline -0.01 -17"><span class='ocrx_word' id='word_1_267' title='bbox 105 2904 173 2957; x_wconf 84' lang='lat' dir='ltr'>rime</span> <span class='ocrx_word' id='word_1_268' title='bbox 191 2901 339 2972; x_wconf 72' lang='lat' dir='ltr'>Pompeiani</span> <span class='ocrx_word' id='word_1_269' title='bbox 358 2911 383 2957; x_wconf 74' lang='lat' dir='ltr'>ot</span> <span class='ocrx_word' id='word_1_270' title='bbox 399 2902 555 2958; x_wconf 78' lang='lat' dir='ltr'>Catatiani.</span> <span class='ocrx_word' id='word_1_271' title='bbox 601 2943 605 2950; x_wconf 92' lang='lat'>.</span> 
     </span>
    </p>

    <p class='ocr_par' dir='ltr' id='par_1_17' title="bbox 144 2967 1007 3053">
     <span class='ocr_line' id='line_1_38' title="bbox 144 2967 1007 3053; baseline 0.003 -21"><span class='ocrx_word' id='word_1_272' title='bbox 144 2978 296 3050; x_wconf 72' lang='lat' dir='ltr'>Magnoque</span> <span class='ocrx_word' id='word_1_273' title='bbox 313 2984 361 3032; x_wconf 75' lang='lat' dir='ltr'>ote.</span> <span class='ocrx_word' id='word_1_274' title='bbox 379 2979 529 3045; x_wconf 78' lang='lat' dir='ltr'>utcumque</span> <span class='ocrx_word' id='word_1_275' title='bbox 543 2967 631 3046; x_wconf 77' lang='lat' dir='ltr'>magni</span> <span class='ocrx_word' id='word_1_276' title='bbox 649 2968 748 3030; x_wconf 80' lang='lat' dir='ltr'>funeris</span> <span class='ocrx_word' id='word_1_277' title='bbox 765 2988 860 3047; x_wconf 82' lang='lat' dir='ltr'>pompa</span> <span class='ocrx_word' id='word_1_278' title='bbox 877 2990 1007 3053; x_wconf 63' lang='lat' dir='ltr'>carentes,</span> 
     </span>
    </p>

    <p class='ocr_par' dir='ltr' id='par_1_18' title="bbox 102 3042 1008 3324">
     <span class='ocr_line' id='line_1_39' title="bbox 106 3042 1008 3124; baseline 0.009 -25"><span class='ocrx_word' id='word_1_279' title='bbox 106 3042 170 3124; x_wconf 78' lang='lat' dir='ltr'>forti</span> <span class='ocrx_word' id='word_1_280' title='bbox 187 3062 276 3107; x_wconf 82' lang='lat' dir='ltr'>tamen</span> <span class='ocrx_word' id='word_1_281' title='bbox 294 3049 384 3105; x_wconf 86' lang='lat' dir='ltr'>animo</span> <span class='ocrx_word' id='word_1_282' title='bbox 400 3049 482 3103; x_wconf 90' lang='lat' dir='ltr'>subite</span> <span class='ocrx_word' id='word_1_283' title='bbox 500 3063 627 3106; x_wconf 67' lang='lat' dir='ltr'>murteum·</span> <span class='ocrx_word' id='word_1_284' title='bbox 645 3065 692 3102; x_wconf 87' lang='lat' dir='ltr'>vos</span> <span class='ocrx_word' id='word_1_285' title='bbox 708 3052 778 3102; x_wconf 88' lang='lat' dir='ltr'>enim</span> <span class='ocrx_word' id='word_1_286' title='bbox 799 3053 888 3119; x_wconf 75' lang='lat' dir='ltr'>patria</span> <span class='ocrx_word' id='word_1_287' title='bbox 905 3053 1008 3107; x_wconf 87' lang='lat' dir='ltr'>liberta-</span> 
     </span>
     <span class='ocr_line' id='line_1_40' title="bbox 105 3115 1007 3246; baseline 0.007 -72"><span class='ocrx_word' id='word_1_288' title='bbox 105 3118 142 3174; x_wconf 83' lang='lat' dir='ltr'>tit</span> <span class='ocrx_word' id='word_1_289' title='bbox 157 3129 363 3246; x_wconf 52' lang='lat' dir='ltr'>{repugnatores</span> <span class='ocrx_word' id='word_1_290' title='bbox 380 3115 512 3178; x_wconf 80' lang='lat' dir='ltr'>calcabitis</span> <span class='ocrx_word' id='word_1_291' title='bbox 529 3133 688 3188; x_wconf 84' lang='lat' dir='ltr'>oppressores</span> <span class='ocrx_word' id='word_1_292' title='bbox 704 3123 837 3188; x_wconf 82' lang='lat' dir='ltr'>ejusdem,</span> <span class='ocrx_word' id='word_1_293' title='bbox 859 3124 915 3192; x_wconf 82' lang='lat' dir='ltr'>Jul.</span> <span class='ocrx_word' id='word_1_294' title='bbox 932 3142 1007 3180; x_wconf 82' lang='lat' dir='ltr'>nem·</span> 
     </span>
     <span class='ocr_line' id='line_1_41' title="bbox 102 3192 1005 3268; baseline 0.01 -24"><span class='ocrx_word' id='word_1_295' title='bbox 102 3208 137 3260; x_wconf 88' lang='lat' dir='ltr'>pe</span> <span class='ocrx_word' id='word_1_296' title='bbox 186 3211 287 3251; x_wconf 74' lang='lat' dir='ltr'>ararem</span> <span class='ocrx_word' id='word_1_297' title='bbox 321 3195 435 3264; x_wconf 81' lang='lat' dir='ltr'>aliosque</span> <span class='ocrx_word' id='word_1_298' title='bbox 469 3192 657 3261; x_wconf 80' lang='lat' dir='ltr'>Imperatores,</span> <span class='ocrx_word' id='word_1_299' title='bbox 688 3195 733 3265; x_wconf 88' lang='lat' dir='ltr'>qui</span> <span class='ocrx_word' id='word_1_300' title='bbox 774 3198 951 3268; x_wconf 82' lang='lat' dir='ltr'>superstitiose</span> <span class='ocrx_word' id='word_1_301' title='bbox 976 3198 1005 3253; x_wconf 85' lang='lat' dir='ltr'>in</span> 
     </span>
     <span class='ocr_line' id='line_1_42' title="bbox 103 3264 644 3324; baseline 0.006 -7"><span class='ocrx_word' id='word_1_302' title='bbox 103 3264 208 3320; x_wconf 85' lang='lat' dir='ltr'>deorum</span> <span class='ocrx_word' id='word_1_303' title='bbox 226 3269 306 3324; x_wconf 84' lang='lat' dir='ltr'>etiam</span> <span class='ocrx_word' id='word_1_304' title='bbox 324 3281 463 3322; x_wconf 81' lang='lat' dir='ltr'>numerum</span> <span class='ocrx_word' id='word_1_305' title='bbox 480 3267 644 3321; x_wconf 85' lang='lat' dir='ltr'>referentur.</span> 
     </span>
    </p>

    <p class='ocr_par' dir='ltr' id='par_1_19' title="bbox 102 3336 1007 3486">
     <span class='ocr_line' id='line_1_43' title="bbox 143 3336 1007 3411; baseline -0.001 -17"><span class='ocrx_word' id='word_1_306' title='bbox 143 3336 299 3394; x_wconf 63' lang='lat' dir='ltr'>Dii-tribuet</span> <span class='ocrx_word' id='word_1_307' title='bbox 318 3349 367 3396; x_wconf 76' lang='lat' dir='ltr'>ute.</span> <span class='ocrx_word' id='word_1_308' title='bbox 386 3342 456 3396; x_wconf 79' lang='lat' dir='ltr'>Pater</span> <span class='ocrx_word' id='word_1_309' title='bbox 472 3342 546 3395; x_wconf 77' lang='lat' dir='ltr'>rudet</span> <span class='ocrx_word' id='word_1_310' title='bbox 569 3337 639 3394; x_wconf 86' lang='lat' dir='ltr'>circa</span> <span class='ocrx_word' id='word_1_311' title='bbox 655 3340 757 3411; x_wconf 86' lang='lat' dir='ltr'>Libyen</span> <span class='ocrx_word' id='word_1_312' title='bbox 784 3343 811 3398; x_wconf 82' lang='lat' dir='ltr'>in</span> <span class='ocrx_word' id='word_1_313' title='bbox 831 3345 1007 3401; x_wconf 65' lang='lat' dir='ltr'>Alexandrino</span> 
     </span>
     <span class='ocr_line' id='line_1_44' title="bbox 102 3409 1000 3486; baseline 0.006 -16"><span class='ocrx_word' id='word_1_314' title='bbox 102 3409 200 3481; x_wconf 75' lang='lat' dir='ltr'>litore,</span> <span class='ocrx_word' id='word_1_315' title='bbox 221 3429 256 3472; x_wconf 85' lang='lat' dir='ltr'>ex</span> <span class='ocrx_word' id='word_1_316' title='bbox 272 3411 334 3472; x_wconf 82' lang='lat' dir='ltr'>filiis</span> <span class='ocrx_word' id='word_1_317' title='bbox 347 3413 434 3482; x_wconf 80' lang='lat' dir='ltr'>alter,</span> <span class='ocrx_word' id='word_1_318' title='bbox 449 3414 547 3482; x_wconf 77' lang='lat' dir='ltr'>Cutius</span> <span class='ocrx_word' id='word_1_319' title='bbox 564 3415 688 3483; x_wconf 81' lang='lat' dir='ltr'>nornine,</span> <span class='ocrx_word' id='word_1_320' title='bbox 703 3417 798 3486; x_wconf 85' lang='lat' dir='ltr'>peribit</span> <span class='ocrx_word' id='word_1_321' title='bbox 814 3417 850 3476; x_wconf 81' lang='lat' dir='ltr'>ad</span> <span class='ocrx_word' id='word_1_322' title='bbox 870 3413 1000 3475; x_wconf 76' lang='lat' dir='ltr'>Mundam</span> 
     </span>
    </p>
   </div>
   <div class='ocr_carea' id='block_1_3' title="bbox 0 0 1250 4100">
    <p class='ocr_par' dir='ltr' id='par_1_20' title="bbox 0 0 1250 4100">
     <span class='ocr_line' id='line_1_45' title="bbox 0 0 1250 4100; baseline 0 0"><span class='ocrx_word' id='word_1_323' title='bbox 0 0 1250 4100; x_wconf 95' lang='lat' dir='ltr'> </span> 
     </span>
    </p>
   </div>
  </div>
 </body>
</html>
