2492 4100
55 3526 92 3544 st-

340 170 539 265 LIBRUM>
557 170 621 248 Vl·
642 170 814 248 NOTAE.'
997 211 1038 261 μ

179 319 330 394 Magnoque
354 333 458 375 recessu
481 324 529 371 &o
556 318 628 384 Quot
652 316 763 371 millium
788 333 907 387 passuum
930 327 1043 383 circuitu

138 396 230 449 Caesar
256 394 403 461 Pompeium
429 390 566 452 clauserit,
593 405 645 442 non
672 401 789 445 constate
817 391 949 459 ingentem
973 415 1042 452 certe

141 468 221 522 fuisse
239 466 345 531 credam
363 482 425 519 nam
432 463 566 530 Pompeius
585 463 708 517 interiore
726 464 810 530 spatio
828 465 938 520 castellis
947 473 1040 526 XXIV

138 538 254 601 essedis,
272 541 321 593 XV
339 537 419 592 millia
437 551 557 606 passuum
577 537 683 590 circuitu
699 535 916 609 ampleetebatur,
940 558 992 611 quo
1009 545 1041 597 li.

139 613 200 666 bere
218 627 302 679 posset
321 610 453 678 pabulari.
724 672 730 679 a

180 691 267 739 Nunc
286 696 365 739 vetus
383 691 430 737 ore.
450 681 540 748 Troia,
557 683 633 748 juxta
650 682 763 738 Fabulas
779 683 941 755 abnpolline
958 693 1041 743 &Ne-

140 772 223 828 ptuno
239 757 363 820 condita,
381 758 429 809 XL
447 755 527 811 millia
546 773 668 825 passuum
685 757 798 811 habebat
821 759 847 810 in
866 760 994 824 circuitu,
1015 770 1041 815 dr

141 830 255 897 Babylon
273 847 287 883 e
304 832 383 885 latere
401 828 473 884 coilo
498 829 642 884 construsta
665 829 748 893 stadia
766 832 867 886 CCCL.
891 836 937 887 Ait
961 834 1041 903 igitur

138 901 303 972 hyperbolice
322 917 425 958 rantum
441 903 519 970 spatii
537 907 660 957 Caesarem
678 920 770 972 aggere
787 921 836 958 suo
852 909 947 970 raptim
970 907 1042 963 clau-

138 980 223 1044 sisse,
239 990 368 1045 quantum
387 977 483 1040 Troia,
500 976 633 1046 Babylon,
652 976 808 1037 Antiochia,
826 985 850 1031 ot
865 979 967 1035 Ninos.

179 1045 294 1122 Rffug't‘.
314 1051 400 1119 Idest,
417 1048 539 1104 simulata
557 1049 619 1120 fuga
638 1049 753 1116 proeliati
771 1050 858 1105 soliti.

104 1117 118 1192 f
180 1121 274 1178 Tanti
287 1123 385 1195 periere
402 1118 517 1177 labores·
537 1124 671 1177 Incassum
691 1136 732 1176 tot
748 1140 779 1176 ac
798 1136 872 1178 tauta
888 1141 964 1193 opera
976 1143 1038 1182 mox

137 1195 253 1262 'peritura
271 1210 439 1249 construxere
456 1195 595 1250 Caesariani
613 1193 725 1248 milites:
743 1195 789 1264 qui
807 1197 859 1264 pari
883 1214 976 1252 conatu
994 1217 1039 1267 po-

99 1334 102 1338 ,
142 1271 254 1322 tuissent
280 1268 407 1324 maritima
424 1268 585 1335 Hellesponti
609 1268 719 1337 oppida,
745 1272 836 1322 Seston
860 1276 885 1324 dt
909 1270 1037 1338 Abydon,

137 1341 319 1423 conjunget&
338 1342 529 1409 Hellespontum
555 1344 655 1410 ipsum,
679 1357 755 1410 quem
773 1341 890 1409 Phryxus
915 1344 1038 1398 transfre-

140 1415 231 1476 tavit,
251 1415 349 1477 injeuis
367 1428 438 1467 terre
457 1415 565 1470 molibus
589 1415 731 1477 obstruere3
756 1416 929 1482 Peloponneso
946 1417 1038 1486 Ephy-

141 1504 210 1548 ren,
226 1487 308 1552 idest,
325 1486 483 1542 Corinthum
502 1487 668 1553 abrumpere,
686 1486 789 1541 Isthmo
812 1488 940 1553 perfossos
965 1506 1038 1545 eum·

142 1560 252 1628 demque
271 1561 388 1627 pelvium
405 1561 514 1614 navibus
532 1559 664 1612 reddentes
681 1558 796 1620 efficere,
813 1564 1036 1631 neampliusopus

137 1646 209 1685 esset
227 1631 303 1705 longa
321 1642 345 1690 de
361 1640 476 1687 flexuosa
493 1631 657 1701 navigatione
675 1630 779 1687 circuite
798 1632 929 1698 Maleam,
954 1633 1037 1689 Laco-

141 1708 194 1758 nia
213 1705 433 1773 promontorium.

103 1772 169 1847 Pag.
190 1793 236 1837 171
257 1783 319 1834 Aut
337 1796 404 1852 vaga
422 1786 470 1833 ἃς.
489 1779 569 1833 Maris
586 1790 678 1836 aestum
696 1777 828 1832 saevientis
845 1778 1035 1835 adversuslitus

140 1850 312 1918 Rutupinum
331 1856 357 1905 in
375 1852 469 1906 Cautio
488 1851 533 1905 vix
551 1852 663 1907 audiunt
680 1851 799 1906 Britanni
817 1850 980 1917 Caledonia,
997 1871 1036 1909 re·

137 1923 226 1994 gionis
244 1926 272 1977 in
290 1924 370 1980 media
390 1924 443 1979 fere
461 1926 547 1980 scotist
565 1926 669 1994 posim.

178 1991 311 2054 Tradat.
332 2001 478 2053 Extenuet.

178 2085 294 2145 ,Quoque
312 2070 387 2129 modo
404 2082 453 2129 dre.
471 2076 578 2143 Quanto
594 2075 689 2130 scilieet
706 2075 790 2142 spatio
806 2075 893 2128 Roma
916 2073 985 2128 abest
1002 2075 1037 2129 ab

139 2144 347 2208 ostioTibridis,
363 2148 384 2200 si
403 2146 524 2201 diredium
532 2148 642 2203 limitem
651 2151 804 2216 metiamur,
822 2164 875 2200 non
891 2145 1036 2217 obliquum.

130 2259 135 2268 s
179 2215 273 2286 Major
291 2236 356 2273 cura
374 2229 422 2274 &m
440 2223 589 2289 Pompeium
606 2222 678 2287 lues,
695 2226 820 2275 Cusasem
839 2220 937 2274 fames.

102 2290 167 2358 Peg·
189 2304 237 2348 ¹72
257 2289 393 2350 Adoetlas
411 2302 459 2348 ore.
479 2298 571 2347 Sensus
589 2295 655 2348 forte
673 2308 729 2360 est,
746 2292 887 2347 culmorum
912 2292 1037 2348 aridorum

141 2363 206 2416 satis
225 2361 302 2420 fuisse
320 2368 347 2419 in
366 2366 534 2435 ptaesepibus,
552 2367 592 2420 sed
610 2368 643 2422 ab
660 2368 733 2437 equis
750 2365 880 2421 desiderari
897 2367 1037 2423 herbasno·

140 2454 210 2499 vas,
228 2441 282 2490 sive
301 2440 406 2496 virides.

100 2501 106 2512 ’
179 2512 324 2585 Antraque
349 2522 397 2569 dec.
426 2513 554 2584 Spelunca
575 2513 702 2570 Inarimes
727 2511 815 2567 insule
844 2513 956 2579 impostae
982 2515 1036 2579 Ty·

140 2579 237 2648 phoeo,
255 2588 299 2654 qui
317 2587 445 2642 sulfureos
463 2604 541 2659 atque
556 2587 690 2657 pestiferos
697 2604 799 2654 vapores
808 2586 922 2650 emittere
933 2587 1038 2639 dititur·

179 2655 297 2727 Oculoque
314 2668 361 2715 duc.
379 2664 470 2730 Aqua,
493 2680 549 2728 qnae
573 2660 674 2716 facilius
697 2677 757 2713 aere
771 2660 960 2734 corrumpitur,
976 2674 1038 2713 con·

140 2727 223 2782 tratto
242 2730 329 2786 lethali
346 2750 420 2787 coeno
437 2735 565 2788 obstruxit
584 2743 607 2788 ἀ
626 2732 715 2786 infecit
733 2733 845 2785 viscera.

101 2857 106 2866 ,
179 2809 287 2858 Sacro.
306 2841 314 2857 .
334 2843 342 2859 .
361 2804 462 2861 morbo.
482 2811 555 2862 Sacro
573 2809 650 2877 igne,
668 2806 724 2858 sive
741 2805 913 2867 exsecrando.
973 2833 985 2850 ι»

102 2869 166 2940 Pag·
188 2875 233 2935 173
256 2884 390 2934 satoriam
408 2888 456 2934 &o
475 2887 629 2935 commeatu
648 2879 808 2933 abundantes
820 2878 934 2945 Pompeii
952 2876 1038 2944 copias

141 2948 294 3003 Cosatiauae
313 2947 420 3018 penuria
437 2952 580 3007 laborantes
593 2951 826 3008 acriterobsident.
845 2945 1038 3006 Audiebantur

142 3019 158 3091 (
178 3022 262 3091 inquit
279 3024 365 3079 Caesar
383 3026 427 3077 lib.
449 3044 459 3086 3
482 3028 513 3078 de
531 3026 600 3078 Bello
618 3028 678 3077 Civ.
699 3022 711 3091 )
738 3021 831 3079 crebra
848 3022 970 3078 militum
989 3039 1034 3076 vo·

140 3107 201 3170 crs,
217 3092 292 3164 prius
310 3115 338 3150 se
355 3097 450 3153 corrice
467 3117 498 3153 ex
515 3094 654 3156 arboribus
673 3092 810 3165 vidium&
824 3113 906 3169 quam
924 3097 1035 3169 Pompe·

132 3178 203 3234 jum
220 3165 377 3228 emanibur
394 3166 565 3225 dimissuros.

180 3241 380 3310 permarinum
397 3251 449 3299 dre.
465 3246 523 3309 Qua
542 3260 633 3311 nempe
652 3258 724 3310 parte
743 3242 846 3296 Minuci
869 3239 973 3295 castella
990 3243 1038 3294 mi·

141 3305 219 3361 liurm
239 3314 352 3377 praesidio
370 3329 471 3369 carent·
490 3323 569 3376 Hunc
588 3335 661 3385 porto
679 3316 824 3372 Minucium
842 3324 867 3370 de
890 3318 994 3376 Caesar,
1011 3320 1036 3368 dr

105 3443 107 3446 ,
139 3381 249 3451 ³²¹⁰ffl⁵3
268 3389 292 3440 dt
309 3389 401 3464 ,Νῼεςετ
419 3390 696 3464 scevamappellant.
