2492 4100
259 296 319 358 „0
465 264 936 341 supptementum

256 422 344 490 lrato
370 418 558 509 strepitant,
581 435 736 507 tamquam
758 417 879 487 hostem
900 440 1044 507 quaerere
1058 436 1171 507 semper

246 536 434 619 Audacem,
457 535 493 603 dc
514 556 609 601 saevas
632 553 748 601 assueta
770 535 921 603 lacessere
942 546 1080 627 pugnas3

252 655 447 742 Excelanue
470 668 581 742 parant
603 652 722 721 coelt'tnr
743 673 891 742 superare
913 652 1037 719 volatu.
1063 668 1065 673 ’
1166 682 1169 691 ·
1234 682 1235 693 ’

252 767 302 838 At
323 787 432 836 contra
459 768 569 835 timido
589 767 750 833 tenebrota
772 791 830 856 per
852 767 931 833 atria
953 769 1066 856 templi
1187 768 1189 772 ’

252 887 336 977 Qtae
357 887 446 976 nigra
467 885 506 951 de
531 883 591 950 bile
613 883 736 965 fluunt,
757 883 913 951 demissius
936 884 1043 966 ihnnt,
1100 934 1109 948 .

251 1001 479 1092 Nodinrnaeque
501 1017 537 1067 ut
560 1021 633 1066 aues
654 1000 787 1069 strident
810 997 952 1067 feralibus
973 1000 1050 1083 alis,

253 1117 343 1186 Inter
364 1119 450 1183 busta
472 1117 599 1196 volant,
622 1114 657 1182 dt
683 1112 774 1185 foedis
796 1116 857 1183 sota
880 1116 1028 1206 sepulcris

212 1244 216 1249 ’
252 1233 392 1300 Invitant
418 1232 542 1322 Stygios
563 1248 675 1299 moesta
697 1232 734 1298 ad
756 1232 909 1299 consortia
929 1230 1064 1301 Manes.

162 1396 165 1401 ι
253 1347 324 1417 Illic
349 1370 406 1439 per
430 1365 550 1437 postes,
572 1346 733 1437 allataque
753 1348 870 1418 moenia
894 1348 1005 1439 templi

253 1464 372 1558 lgnavo
393 1464 530 1547 incessu,
552 1464 652 1539 tardae
673 1465 835 1532 testudinis
856 1464 971 1547 instar,

254 1582 398 1662 Somnia,
419 1598 489 1670 qua:
509 1581 622 1670 pituita
643 1600 748 1661 creat,
771 1581 957 1671 trepidantia
979 1601 1124 1672 serpunt3

254 1697 305 1768 Ne
327 1699 351 1764 si
372 1694 456 1763 forte
478 1698 606 1779 cadant,
630 1697 752 1787 liquidis
773 1713 954 1791 mergantur
975 1698 1009 1764 in
1033 1701 1131 1786 undis3

253 1813 334 1883 Nam
357 1835 479 1902 semper
493 1835 568 1880 vana
588 1811 738 1879 falluntur
761 1813 895 1904 imagine
910 1813 1063 1904 lymphae.
1108 1813 1111 1817 ’

253 1930 340 1999 Haec
362 1931 445 1995 inter
467 1931 600 1996 volitant
622 1929 773 1996 imitantia
795 1929 878 1997 mille
901 1929 1006 2022 figuris

253 2045 411 2139 Quidquid
426 2066 523 2137 agunt
539 2046 677 2114 homines
691 2046 819 2136 passim3
834 2048 1027 2136 totidemque
1036 2044 1164 2116 feruntur

253 2165 343 2255 Qrot
363 2163 482 2252 patitur
502 2185 630 2254 magnus
651 2164 772 2231 diversa
797 2165 922 2255 negotia
938 2162 1099 2246 Mundus,

254 2280 325 2347 Aut
350 2278 464 2359 objetia
486 2296 595 2348 tenet.
619 2278 748 2347 Cedunt
771 2279 837 2348 haec
858 2280 975 2348 somnia
998 2280 1105 2348 conda

253 2393 396 2476 Divinis,
419 2415 490 2484 qote
510 2396 563 2461 dat
583 2392 728 2476 Numen,
749 2395 905 2488 longeque
926 2413 1049 2464 remota

254 2512 326 2580 Non
349 2512 463 2578 audent
485 2512 595 2601 templi
618 2532 717 2578 sacros
738 2511 856 2580 intrare
877 2534 1031 2580 recessus.

312 2626 409 2696 Nocte
429 2625 497 2694 fere
518 2628 618 2696 media
639 2625 804 2696 Ptolemaei
826 2628 947 2717 pellona
967 2649 1091 2696 somnus

254 2742 387 2814 Vicerat
407 2761 549 2834 optatus,
570 2767 640 2812 cum
661 2749 722 2827 jam
743 2746 846 2812 divina
867 2745 991 2836 Serapis
1041 2830 1043 2836 Ι

252 2859 395 2942 Somnia,
419 2858 939 2951 mntaodnmAEgypti'narnantia
960 2882 1108 2952 regnum,

251 2973 413 3043 Miserat.
441 2976 565 3044 Incessn
586 2978 676 3043 tardo
700 2976 825 3044 delubra
845 2977 975 3067 petebat

250 3090 312 3158 Bos
332 3093 424 3185 niger
446 3093 566 3185 ingenti
587 3094 709 3181 speeie3
730 3094 922 3185 geminisque
942 3092 1074 3162 micabat

250 3204 340 3275 Pelle
363 3208 524 3302 insignitus
544 3210 667 3296 stellis3
688 3233 816 3299 qtmrum
840 3210 939 3278 altera
961 3227 1074 3301 tergo,
1150 3223 1152 3226 ’

184 3387 186 3392 .
248 3319 364 3396 Altera
385 3321 489 3392 fronte
511 3322 571 3393 suit
594 3326 711 3394 medin.
741 3324 889 3419 Lugubre
912 3326 1033 3395 videtur
1228 3313 1229 3322 ¹

249 3434 401 3533 Mugire,
423 3457 518 3535 atque
539 3442 636 3510 oculis
662 3444 809 3523 lacrymas
829 3441 989 3511 effundere
1003 3438 1112 3532 nigris,
