2492 4100
237 315 769 389 *luplsortuut
936 347 994 403 347

69 469 431 558 Ausoniamquecheiin
454 469 577 561 gracilis
597 468 747 559 patefecit
757 469 898 538 Horati.
949 515 953 520 -

69 588 107 653 Ο
129 587 243 669 decus,
264 583 298 652 dt
321 602 391 651 toto
413 588 526 652 merito
543 586 730 666 ⁴uerret'uisiiis
753 607 822 652 aevo
856 635 860 643 ‚
909 587 913 592 “
959 625 989 646 ι,

68 699 500 793 Pierii.nrte1echorr‘,quo
521 704 651 792 preside
675 701 735 769 tuti
760 694 767 714 ⁷
857 725 861 732 ·
980 703 988 712 “

69 820 149 887 Non
171 829 314 909 umquam
337 820 526 909 vates-inopi
548 820 678 886 timuere
700 818 847 885 senedae.

69 935 168 1026 Qrod
192 933 297 1025 siquis
318 936 430 1001 nostris
448 936 703 1026 precibusdocus,
724 933 762 1003 ἀ
774 956 843 1000 mea
858 951 930 1002 vote

71 1051 110 1118 si
131 1059 269 1117 m'eutem
291 1052 407 1118 subiere
430 1070 536 1134 tuam,
561 1053 764 1120 memorabilis
785 1033 859 1117 olim

73 1164 130 1233 Tu
152 1167 226 1232 mihi
248 1168 408 1234 Maecenas
431 1169 526 1235 tereti
550 1170 715 1235 cantabere
739 1189 844 1235 versu.

72 1283 236 1353 Possumus
259 1302 385 1350 aeteruae
408 1306 519 1349 nomen
540 1286 739 1352 committere
760 1281 866 1350 samae:

74 1401 110 1469 Si
132 1419 237 1465 tamen
259 1401 317 1467 hoc
339 1400 394 1465 ulli
414 1402 454 1466 de
476 1423 508 1467 se
529 1404 715 1491 promittere
736 1398 781 1466 fas
803 1417 868 1482 est,

75 1517 120 1583 Et
143 1518 217 1582 deus
238 1517 321 1583 ultor
336 1503 443 1584 obest:
465 1534 603 1607 superest
625 1517 758 1584 animosa
781 1516 939 1597 voluntas,

66 1629 208 1723 ‘Ipsaque
231 1634 332 1699 nescio
353 1633 425 1723 quid
441 1655 527 1698 mens
548 1633 750 1699 excellentius
771 1631 880 1696 audet.

77 1746 132 1815 Tu
155 1750 242 1814 nauti
263 1750 415 1839 protende
437 1771 582 1816 manum:
605 1768 660 1829 tu,
682 1745 770 1831 Piso,
793 1748 943 1813 latentem

77 1864 215 1932 Exsere.
246 1864 310 1933 Nos
331 1866 452 1931 humilis
473 1866 599 1959 dom-us,
621 1865 656 1932 ἀ
679 1867 794 1932 sincera
809 1880 997 1955 parentum,

77 1981 140 2050 Sed
166 1981 265 2045 tenuis
279 1981 417 2049 Fortuna
439 1963 489 2049 sud
512 1974 645 2076 caligine
667 1981 767 2048 ceint.

77 2099 240 2166 Possumus
260 2099 408 2195 impositis
429 2084 519 2191 caput
542 2122 709 2166 exonerare
732 2096 883 2179 tenebris,

77 2214 122 2283 Et
144 2213 246 2279 lucem
267 2214 400 2304 spedare
422 2238 551 2298 nouam,
573 2218 597 2280 si
619 2217 691 2305 quid
714 2217 804 2281 modo
828 2215 918 2280 laetus

78 2327 219 2412 Adnuis,
243 2328 402 2397 &nostris
423 2333 597 2415 subscribis,
619 2332 764 2413 candide,
789 2332 882 2399 votis.

77 2447 138 2514 Est
151 2446 243 2528 mihi,
267 2447 376 2529 crede,
400 2451 474 2514 meis
495 2449 611 2515 animus
632 2449 822 2515 constantior
842 2447 948 2532 annis;

77 2563 228 2653 Quamvis
250 2587 330 2630 nunc
351 2565 485 2643 juvenile
507 2566 598 2630 decus
624 2563 697 2630 mihi
719 2565 848 2658 pingere
863 2563 955 2628 malas

77 2679 247 2768 Coeperit,
269 2677 303 2744 dt
318 2681 452 2745 nondum
476 2680 620 2747 vicesima‘
639 2681 759 2747 venerit
778 2696 884 2745 aestus.

78 2794 175 2887 Quod
197 2796 220 2858 si
237 2812 301 2861 tum
315 2796 422 2862 ualidae
444 2795 517 2863 mihi
538 2796 630 2863 robur
652 2796 763 2862 mentis
779 2795 911 2878 inesset,

78 2910 124 2977 Et
147 2911 257 2977 solidus
279 2912 393 2999 primos
413 2913 557 3002 impleret
579 2912 701 3002 spiritus
722 2933 833 2993 annos,

80 3027 241 3093 Auderem
264 3049 352 3093 voces
373 3051 428 3118 per
450 3027 582 3095 carmina
606 3045 709 3093 nostra
731 3025 847 3093 referre

79 3142 152 3210 Piso
175 3160 256 3208 tuas:
280 3144 332 3208 sed
355 3140 430 3209 fessa
453 3145 534 3210 labat
555 3142 629 3208 mihi
652 3143 789 3234 pondere
810 3144 934 3226 cervix,

80 3257 125 3324 Et
148 3254 325 3325 tremefacta
348 3261 460 3326 cadunt
484 3259 597 3325 succiso
621 3259 741 3348 poplite
762 3259 913 3326 membra.

82 3374 133 3441 Sic
155 3397 214 3441 nec
235 3376 369 3442 olorinus
389 3377 483 3443 audet
504 3373 666 3442 Pandionis
687 3374 750 3441 ales

83 3487 180 3559 Parva
203 3487 322 3558 referre
337 3514 443 3577 sonos,
468 3515 543 3573 nec,
564 3491 588 3556 si
603 3492 677 3558 velit
692 3491 843 3581 improba,
869 3495 980 3583 possit.
