2492 4100
308 279 499 349 'BELLI
528 279 758 353 CIVILIS.
827 285 830 290 ’
949 303 1008 366 '353

86 432 165 515 „lit
188 451 262 519 quas
282 432 394 496 struxit
417 453 506 521 opes,
529 431 608 497 male
634 433 781 497 sustinet.
805 422 920 519 Aspice
951 431 1015 501 late
1100 485 1105 494 .

87 547 290 630 „Luxuriam
303 547 487 637 spoliorum,
501 546 535 615 dt
550 569 673 614 censum
687 531 1014 628 indamnafurentdm.

85 660 298 747 „AEdifieant
321 686 412 744 auro,
434 663 579 753 sedesque
600 664 637 728 ad
659 663 760 729 sidera
781 663 927 728 mittunt:
988 697 990 705 2

86 777 331 873 „Expelluntur
352 801 439 867 aquae
461 781 555 846 saxis:
577 783 662 845 mare
685 779 818 845 naseitur
839 777 936 866 arvis3

87 894 168 978 „Et
190 910 365 985 permutata
387 915 490 982 rerum
512 895 646 962 statione
668 893 836 960 rebellant.
1007 973 1010 978 γ

87 1009 173 1093 „En
188 1011 288 1077 ‘etiam
310 1033 378 1076 mea
400 1013 496 1102 regna
517 1027 647 1100 petunt.
669 1006 808 1077 Perfossa
829 1008 959 1077 dehiscit

88 1125 263 1210 „Molibus
283 1127 394 1191 insanis
417 1126 528 1208 tellus,
550 1130 611 1208 jam
633 1126 785 1193 montibus
807 1126 920 1193 haustis
1004 1205 1010 1212 .

88 1238 230 1327 „Antra
254 1227 399 1333 gemunt:
422 1239 456 1307 dt
478 1244 551 1310 dum
574 1244 671 1310 varios
693 1242 769 1333 lapis
791 1244 911 1311 invenit
928 1264 1014 1326 usus,

88 1355 246 1443 „Inferni
268 1380 370 1424 manes
392 1358 506 1425 coelum
531 1379 653 1448 sperare
675 1361 836 1440 jubentur.
889 1365 892 1374 ’

88 1474 237 1565 „Quare
248 1496 326 1566 age,
340 1474 417 1540 Fors
423 1481 534 1555 ‚muta
547 1481 690 1563 pacatum
703 1476 735 1539 in
753 1476 862 1563 proelia
877 1476 1013 1559 v'ulturn,

90 1590 344 1679 „Romanosque
364 1582 430 1671 cie,
453 1613 488 1656 ac
510 1591 621 1655 nostris
642 1590 679 1656 da
702 1587 816 1656 funera'
831 1591 950 1681 regnis.

89 1706 310 1796 „Jampridem
334 1705 417 1770 nullo
438 1703 647 1796 perfundimus
669 1728 721 1771 ora
743 1728 870 1787 cruore,

89 1823 192 1908 „Nec
213 1844 281 1887 mea
304 1817 473 1909 Tisiphone
494 1822 633 1888 sitientes
656 1820 771 1911 perluit
792 1839 877 1886 artus

90 1939 174 2024 „Ex
198 1961 259 2028 quo
282 1936 420 2048 Sylhnu's
440 1937 515 2003 bibit
537 1938 634 2018 ensis,
655 1936 690 2003 dc
713 1936 834 2003 horrida
856 1927 960 2003 tellus'
1005 1943 1010 1958 ¹

89 2055 249 2142 „Extulit
270 2055 301 2119 in
327 2054 428 2121 lucem
451 2054 582 2121 nutritas
603 2054 752 2146 sanguine
773 2050 924 2146 fruges.“
963 2101 966 2107 -

90 2173 187 2239 Haec·
201 2170 249 2235 ubi
270 2169 346 2236 diua
367 2170 452 2236 dedit
459 2195 470 2258 3
494 2170 612 2237 dextra}
633 2172 982 2262 conjungeredextram

91 2285 252 2368 Conatus‚
274 2305 367 2376 rupto
390 2287 534 2353 tellurem
557 2287 649 2353 soluit
671 2286 774 2352 hiatu.

93 2400 187 2470 Tunc
209 2398 330 2468 fortuna
353 2403 412 2467 levi
434 2398 552 2468 defudit
574 2402 696 2493 pedlore
720 2412 826 2469 voces:
901 2452 904 2459 .

34 2534 37 2543 “
92 2568 115 2602 ,,
138 2520 173 2587 O
197 2518 341 2610 genitor,
363 2519 414 2584 cui
436 2517 550 2598 Cocyti
571 2518 744 2608 penetralia
765 2534 895 2607 parent,

91 2634 155 2718 „Si
177 2634 269 2700 modo
292 2603 363 2701 vera
385 2633 457 2701 mihi
481 2630 525 2699 fas
546 2650 595 2700 est
617 2635 742 2722 impune
763 2629 896 2722 profari,

90 2755 211 2833 „Vota
234 2750 289 2814 tibi
312 2750 441 2816 cedent:
464 2772 521 2817 nec
544 2750 628 2816 enim
651 2749 751 2814 minor
772 2749 816 2813 ira
836 2748 986 2815 rebellat*

90 2864 253 2950 „Petlore
275 2867 306 2929 in
322 2864 399 2947 hoc,
421 2866 577 2955 leviorque
593 2865 695 2930 exurit
712 2863 834 2930 flamma
848 2864 1010 2932 medullasj

90 2983 240 3066 „Omnia
247 3029 260 3063 ,
280 3003 350 3070 quae
372 2982 462 3047 tribui
484 2980 632 3047 Romanis
652 2978 785 3062 arcibus,
807 2977 875 3063 odi;

89 3096 369 3185 „Muneribusque
389 3099 464 3163 meis
486 3099 615 3163 irascor:
638 3097 776 3162 destruet
797 3094 869 3160 istas

91 3212 231 3298 „ldem,
253 3213 306 3301 qui
329 3215 447 3300 posuit,
469 3212 563 3279 moles
592 3209 697 3278 Deus.
719 3211 777 3278 Est
802 3210 876 3276 milii
896 3210 982 3277 cordi
1008 3213 1013 3221 '

93 3331 251 3421 „Qiippe
265 3349 404 3393 cremare
417 3329 515 3408 viros,
541 3326 576 3394 dc
590 3328 735 3419 sanguine
748 3348 873 3416 pascere
890 3327 1011 3393 luxum.

95 3443 232 3528 „Cerno
247 3442 387 3535 equidem
402 3445 524 3536 gemina
539 3447 600 3527 jam
611 3460 724 3510 stratos
734 3456 835 3536 morte
844 3442 1012 3534 Philippos,

745 3632 753 3667 l
