2492 4100
235 264 295 338 ξιτ
528 232 874 336 ΡΗΑΜΛΜΑς

230 399 334 491 Quam
355 398 469 466 debere
488 415 597 490 caput.
620 399 686 492 Qui
707 399 785 466 duro
807 401 942 474 membra
964 407 1081 468 senatus

231 507 376 583 Calcarat
403 516 509 597 vultu,
529 515 581 605 qui
603 515 684 581 sicco
706 516 825 586 lurnine
847 537 970 606 campos

231 631 366 702 Viderat
390 630 565 711 Emathios,
586 631 640 696 uni
662 630 717 697 tibi
740 629 861 723 Magne
883 648 1001 723 negare
1083 693 1087 700 ,

230 745 303 816 Non
325 747 418 836 audet
439 747 587 839 gemitus.
610 745 645 813 O
664 762 729 814 sors
748 747 907 817 durissima
927 743 1022 813 fati!,
1050 795 1062 805 ,

214 862 379 942 ‘Hubcine
400 880 435 926 tu
456 862 563 930 Caesar
584 861 735 929 scelerato
756 855 866 940 Marte
888 862 1013 952 petisti,

230 978 296 1070 Qui
313 978 372 1052 tibi
397 977 515 1044 flendus
536 980 626 1045 erat?
649 994 709 1044 non
733 978 823 1044 mixti
846 976 966 1048 foedera
988 991 1110 1069 tangunt

231 1090 284 1161 Te
309 1093 450 1187 generis,
473 1115 531 1162 nec
553 1110 624 1159 nata
645 1093 732 1174 jubet
754 1109 909 1176 moerere,
930 1114 1098 1183 neposque.
1225 1103 1226 1138 l

231 1207 343 1276 Credis
364 1210 444 1297 apud
469 1210 597 1298 populos
621 1205 760 1299 Pompeii
782 1227 894 1278 nornen
916 1223 1052 1276 amantes
1126 1248 1130 1256 ·

231 1324 308 1392 Hoc
329 1323 435 1391 castris
456 1325 598 1413 prodesse
619 1324 696 1391 tuis.
718 1321 859 1394 Fortasse
882 1325 1004 1407 tyranni

231 1436 370 1533 Angcris
392 1447 443 1528 (ι)
467 1440 598 1523 invidia,
620 1441 765 1531 captique
786 1442 818 1507 in
840 1442 953 1508 viscera
976 1439 1091 1532 Magni

1225 1563 1226 1592 l

1225 1601 1226 1654 l

232 1556 308 1623 Hoc
329 1554 381 1622 alii
403 1556 520 1622 licuisse
540 1556 645 1640 doles,
666 1558 862 1648 quererisque
882 1558 997 1647 perisse

231 1672 407 1743 Vindiclarn
428 1672 517 1754 belli,
539 1690 722 1762 raptumque
742 1695 781 1752 ex
804 1676 871 1754 jure
891 1673 1011 1762 superbi

231 1786 365 1858 Villoris
385 1808 550 1880 generum.-
572 1785 716 1881 Quisquis
737 1805 771 1855 tc
792 1788 868 1858 flere
889 1789 994 1879 coegit

230 1902 386 1994 Impetus,
408 1927 427 1969 a
449 1924 521 1969 vera
542 1904 635 1996 longo
656 1904 774 1993 pietate
795 1904 937 1990 recussit.

230 2017 356 2087 Scilicet
378 2018 436 2086 hoc
457 2020 562 2089 animo
583 2035 700 2103 terras,
721 2011 815 2110 arque
837 2041 957 2111 aequora
979 2020 1094 2102 lustras,
1133 2054 1137 2063 ·
1225 2001 1226 2010 ἵ

230 2134 349 2204 Necubi
370 2155 544 2224 suppressus
563 2152 672 2225 pereat
693 2156 806 2228 gener.
829 2135 863 2202 Ο
884 2136 961 2202 bene
984 2152 1069 2227 rapta
1131 2172 1136 2181 ·
1225 2152 1226 2179 ²

230 2249 373 2317 Arbitrio
393 2272 475 2315 mors
497 2251 553 2317 ista
575 2256 645 2318 tuol
667 2268 765 2341 quam,
782 2272 891 2343 magna
914 2251 1030 2317 remisit

229 2364 368 2435 Crimina
391 2363 534 2432 Romano
556 2367 650 2431 tristis
672 2367 809 2433 Fortuna
830 2368 965 2458 pudori,

228 2481 322 2573 Quod
346 2498 379 2548 te
401 2506 462 2549 non
484 2503 567 2573 passa
589 2500 636 2548 est
660 2484 815 2565 misereri,
837 2482 973 2572 perfide,
993 2478 1096 2574 Magni

228 2597 389 2666 Viventis!
412 2619 471 2665 nec
493 2622 554 2664 non
576 2597 621 2662 his
643 2596 750 2665 fnllere
770 2599 890 2666 vocibus
910 2599 1022 2681 audet,
1225 2588 1226 2673 l

227 2707 435 2803 Adquiritque
456 2712 547 2781 fidem
569 2713 701 2779 simulati
721 2710 824 2781 fronte
845 2715 974 2780 doloris.
1225 2708 1226 2723 ¹

246 2872 248 2883 r
269 2871 293 2910 ‚‚
302 2826 403 2895 Aufer
423 2826 460 2894 ab
481 2827 620 2918 adspeblu
644 2845 747 2897 nostro
761 2828 906 2913 funesta,
927 2830 1062 2912 satelles,
1136 2878 1144 2909 ,
1221 2816 1226 2911 l

225 2940 356 3036 „Regis
376 2944 455 3010 dona
477 2945 539 3011 tui:
561 2947 649 3033 pejus
670 2946 709 3011 de
733 2944 857 3013 casare
875 2963 1032 3027 uestrum,

224 3037 360 3150 „Qun
384 3059 424 3125 de
445 3056 594 3150 Pompeio
616 3061 731 3128 meruit
754 3062 869 3150 scelus:
891 3063 978 3133 unna
1000 3058 1086 3129 belli

220 3170 386 3258 „Premis
406 3175 521 3261 civilis,
543 3175 627 3245 villis
647 3178 762 3246 donare
784 3176 912 3246 salutern
1021 3238 1026 3243 .
1129 3190 1132 3199 ’
1225 3170 1226 3181 ’

255 3435 303 3516 (1)
321 3441 432 3515 tangeris
452 3438 543 3518 vulgo.
