<?xml version="1.0" encoding="UTF-8"?>
<!DOCTYPE html PUBLIC "-//W3C//DTD XHTML 1.0 Transitional//EN"
    "http://www.w3.org/TR/xhtml1/DTD/xhtml1-transitional.dtd">
<html xmlns="http://www.w3.org/1999/xhtml" xml:lang="en" lang="en">
 <head>
  <title>
</title>
<meta http-equiv="Content-Type" content="text/html;charset=utf-8" />
  <meta name='ocr-system' content='tesseract 3.04.00' />
  <meta name='ocr-capabilities' content='ocr_page ocr_carea ocr_par ocr_line ocrx_word'/>
</head>
<body>
  <div class='ocr_page' id='page_1' title='image "./marciannaeiluca00bettgoog_0565.png"; bbox 0 0 2492 4100; ppageno 0'>
   <div class='ocr_carea' id='block_1_1' title="bbox 307 195 1004 293">
    <p class='ocr_par' dir='ltr' id='par_1_1' title="bbox 307 195 1004 293">
     <span class='ocr_line' id='line_1_1' title="bbox 307 195 1004 293; baseline 0.001 -14"><span class='ocrx_word' id='word_1_1' title='bbox 307 201 498 281; x_wconf 81' lang='lat' dir='ltr'><strong>LIBRUM</strong></span> <span class='ocrx_word' id='word_1_2' title='bbox 520 195 582 276; x_wconf 84' lang='lat' dir='ltr'>lx.</span> <span class='ocrx_word' id='word_1_3' title='bbox 604 199 774 277; x_wconf 72' lang='lat' dir='ltr'>Nom.</span> <span class='ocrx_word' id='word_1_4' title='bbox 958 217 1004 293; x_wconf 63' lang='lat' dir='ltr'>dr</span> 
     </span>
    </p>
   </div>
   <div class='ocr_carea' id='block_1_2' title="bbox 60 347 1069 3060">
    <p class='ocr_par' dir='ltr' id='par_1_2' title="bbox 69 347 1002 566">
     <span class='ocr_line' id='line_1_2' title="bbox 69 347 1000 424; baseline 0.002 -19"><span class='ocrx_word' id='word_1_5' title='bbox 69 364 203 424; x_wconf 52' lang='lat' dir='ltr'>‚ratem</span> <span class='ocrx_word' id='word_1_6' title='bbox 220 367 300 423; x_wconf 77' lang='lat' dir='ltr'>quam</span> <span class='ocrx_word' id='word_1_7' title='bbox 325 349 361 404; x_wconf 86' lang='lat' dir='ltr'>ibi</span> <span class='ocrx_word' id='word_1_8' title='bbox 384 365 509 421; x_wconf 79' lang='lat' dir='ltr'>aquarum</span> <span class='ocrx_word' id='word_1_9' title='bbox 533 348 623 403; x_wconf 70' lang='lat' dir='ltr'>rudus</span> <span class='ocrx_word' id='word_1_10' title='bbox 648 347 797 402; x_wconf 72' lang='lat' dir='ltr'>concitatior</span> <span class='ocrx_word' id='word_1_11' title='bbox 823 353 1000 423; x_wconf 79' lang='lat' dir='ltr'>nequeenim</span> 
     </span>
     <span class='ocr_line' id='line_1_3' title="bbox 103 420 1002 495; baseline -0.001 -16"><span class='ocrx_word' id='word_1_12' title='bbox 103 429 224 479; x_wconf 82' lang='lat' dir='ltr'>exoriens</span> <span class='ocrx_word' id='word_1_13' title='bbox 244 441 338 479; x_wconf 86' lang='lat' dir='ltr'>ventus</span> <span class='ocrx_word' id='word_1_14' title='bbox 358 422 397 477; x_wconf 90' lang='lat' dir='ltr'>hic</span> <span class='ocrx_word' id='word_1_15' title='bbox 415 424 526 479; x_wconf 83' lang='lat' dir='ltr'>adversis</span> <span class='ocrx_word' id='word_1_16' title='bbox 534 422 665 477; x_wconf 81' lang='lat' dir='ltr'>montibus</span> <span class='ocrx_word' id='word_1_17' title='bbox 673 420 820 492; x_wconf 79' lang='lat' dir='ltr'>frangitur,</span> <span class='ocrx_word' id='word_1_18' title='bbox 838 422 1002 495; x_wconf 81' lang='lat' dir='ltr'>scopulisque</span> 
     </span>
     <span class='ocr_line' id='line_1_4' title="bbox 102 498 832 566; baseline -0.003 -13"><span class='ocrx_word' id='word_1_19' title='bbox 102 501 217 566; x_wconf 80' lang='lat' dir='ltr'>repulsus</span> <span class='ocrx_word' id='word_1_20' title='bbox 235 498 389 565; x_wconf 83' lang='lat' dir='ltr'>dissipatur·</span> <span class='ocrx_word' id='word_1_21' title='bbox 830 534 832 539; x_wconf 91' lang='lat'><em>-</em></span> 
     </span>
    </p>

    <p class='ocr_par' dir='ltr' id='par_1_3' title="bbox 60 567 1001 713">
     <span class='ocr_line' id='line_1_5' title="bbox 60 567 1001 645; baseline -0.003 -17"><span class='ocrx_word' id='word_1_22' title='bbox 60 574 129 645; x_wconf 62' lang='lat'>1323·</span> <span class='ocrx_word' id='word_1_23' title='bbox 149 575 200 631; x_wconf 75' lang='lat'>2⁸9</span> <span class='ocrx_word' id='word_1_24' title='bbox 222 567 357 629; x_wconf 83' lang='lat' dir='ltr'>AEoliam·</span> <span class='ocrx_word' id='word_1_25' title='bbox 377 573 419 624; x_wconf 84' lang='lat' dir='ltr'>Ex</span> <span class='ocrx_word' id='word_1_26' title='bbox 439 569 506 624; x_wconf 83' lang='lat' dir='ltr'>AEoli</span> <span class='ocrx_word' id='word_1_27' title='bbox 525 586 635 640; x_wconf 87' lang='lat' dir='ltr'>namque</span> <span class='ocrx_word' id='word_1_28' title='bbox 654 569 721 640; x_wconf 80' lang='lat' dir='ltr'>regie</span> <span class='ocrx_word' id='word_1_29' title='bbox 737 584 816 626; x_wconf 88' lang='lat' dir='ltr'>antro</span> <span class='ocrx_word' id='word_1_30' title='bbox 837 576 920 633; x_wconf 76' lang='lat' dir='ltr'>ruunt</span> <span class='ocrx_word' id='word_1_31' title='bbox 940 588 1001 625; x_wconf 83' lang='lat' dir='ltr'>ven·</span> 
     </span>
     <span class='ocr_line' id='line_1_6' title="bbox 102 644 554 713; baseline -0.013 -11"><span class='ocrx_word' id='word_1_32' title='bbox 102 647 143 710; x_wconf 84' lang='lat' dir='ltr'>ti,</span> <span class='ocrx_word' id='word_1_33' title='bbox 162 663 286 713; x_wconf 85' lang='lat' dir='ltr'>suamque</span> <span class='ocrx_word' id='word_1_34' title='bbox 304 644 398 698; x_wconf 87' lang='lat' dir='ltr'>rabiem</span> <span class='ocrx_word' id='word_1_35' title='bbox 416 657 554 698; x_wconf 80' lang='lat' dir='ltr'>exercent.</span> 
     </span>
    </p>

    <p class='ocr_par' dir='ltr' id='par_1_4' title="bbox 103 716 1000 853">
     <span class='ocr_line' id='line_1_7' title="bbox 140 716 1000 789; baseline -0.002 -14"><span class='ocrx_word' id='word_1_36' title='bbox 140 724 178 775; x_wconf 78' lang='lat' dir='ltr'>Et</span> <span class='ocrx_word' id='word_1_37' title='bbox 195 729 344 789; x_wconf 66' lang='lat' dir='ltr'>auinquani</span> <span class='ocrx_word' id='word_1_38' title='bbox 361 726 410 771; x_wconf 75' lang='lat' dir='ltr'>uc.</span> <span class='ocrx_word' id='word_1_39' title='bbox 428 720 519 785; x_wconf 84' lang='lat' dir='ltr'>Neque</span> <span class='ocrx_word' id='word_1_40' title='bbox 538 733 663 787; x_wconf 83' lang='lat' dir='ltr'>umquam</span> <span class='ocrx_word' id='word_1_41' title='bbox 681 716 709 770; x_wconf 91' lang='lat' dir='ltr'>in</span> <span class='ocrx_word' id='word_1_42' title='bbox 732 733 791 773; x_wconf 83' lang='lat' dir='ltr'>aere</span> <span class='ocrx_word' id='word_1_43' title='bbox 815 716 1000 787; x_wconf 79' lang='lat' dir='ltr'>suspenditur,</span> 
     </span>
     <span class='ocr_line' id='line_1_8' title="bbox 103 788 627 853; baseline -0.01 -7"><span class='ocrx_word' id='word_1_44' title='bbox 103 810 175 846; x_wconf 93' lang='lat' dir='ltr'>more</span> <span class='ocrx_word' id='word_1_45' title='bbox 194 793 268 844; x_wconf 86' lang='lat' dir='ltr'>nubis</span> <span class='ocrx_word' id='word_1_46' title='bbox 287 788 424 847; x_wconf 72' lang='lat' dir='ltr'>imbrifero</span> <span class='ocrx_word' id='word_1_47' title='bbox 442 789 568 847; x_wconf 82' lang='lat' dir='ltr'>resoluta.</span> <span class='ocrx_word' id='word_1_48' title='bbox 623 846 627 853; x_wconf 60' lang='grc'><em>,</em></span> 
     </span>
    </p>

    <p class='ocr_par' dir='ltr' id='par_1_5' title="bbox 62 860 619 936">
     <span class='ocr_line' id='line_1_9' title="bbox 62 860 619 936; baseline -0.007 -17"><span class='ocrx_word' id='word_1_49' title='bbox 62 869 130 936; x_wconf 68' lang='lat' dir='ltr'>Pap,</span> <span class='ocrx_word' id='word_1_50' title='bbox 151 881 201 923; x_wconf 81' lang='lat'>290</span> <span class='ocrx_word' id='word_1_51' title='bbox 220 864 267 920; x_wconf 83' lang='lat' dir='ltr'>sic</span> <span class='ocrx_word' id='word_1_52' title='bbox 283 860 334 920; x_wconf 80' lang='lat' dir='ltr'>illa</span> <span class='ocrx_word' id='word_1_53' title='bbox 352 872 399 918; x_wconf 79' lang='lat' dir='ltr'>dcc.</span> <span class='ocrx_word' id='word_1_54' title='bbox 417 863 477 916; x_wconf 85' lang='lat' dir='ltr'>Vide</span> <span class='ocrx_word' id='word_1_55' title='bbox 489 877 554 932; x_wconf 80' lang='lat' dir='ltr'>pag.</span> <span class='ocrx_word' id='word_1_56' title='bbox 576 879 619 923; x_wconf 79' lang='lat'>35.</span> 
     </span>
    </p>

    <p class='ocr_par' dir='ltr' id='par_1_6' title="bbox 97 931 1000 1152">
     <span class='ocr_line' id='line_1_10' title="bbox 140 931 1000 1006; baseline -0.005 -13"><span class='ocrx_word' id='word_1_57' title='bbox 140 936 210 993; x_wconf 81' lang='lat' dir='ltr'>Nisi</span> <span class='ocrx_word' id='word_1_58' title='bbox 226 946 274 991; x_wconf 75' lang='lat' dir='ltr'>&amp;c-</span> <span class='ocrx_word' id='word_1_59' title='bbox 292 938 373 993; x_wconf 71' lang='lat' dir='ltr'>stelle</span> <span class='ocrx_word' id='word_1_60' title='bbox 393 939 463 990; x_wconf 87' lang='lat' dir='ltr'>velut</span> <span class='ocrx_word' id='word_1_61' title='bbox 482 935 667 1006; x_wconf 83' lang='lat' dir='ltr'>navigantibus</span> <span class='ocrx_word' id='word_1_62' title='bbox 683 935 840 993; x_wconf 65' lang='lat' dir='ltr'>observmm</span> <span class='ocrx_word' id='word_1_63' title='bbox 857 931 1000 1006; x_wconf 84' lang='lat' dir='ltr'>interSyr-</span> 
     </span>
     <span class='ocr_line' id='line_1_11' title="bbox 97 1006 998 1079; baseline -0.004 -13"><span class='ocrx_word' id='word_1_64' title='bbox 97 1027 160 1073; x_wconf 81' lang='lat' dir='ltr'>tes,</span> <span class='ocrx_word' id='word_1_65' title='bbox 178 1006 295 1076; x_wconf 79' lang='lat' dir='ltr'>quamvis</span> <span class='ocrx_word' id='word_1_66' title='bbox 321 1025 387 1066; x_wconf 83' lang='lat' dir='ltr'>terra</span> <span class='ocrx_word' id='word_1_67' title='bbox 411 1011 603 1079; x_wconf 75' lang='lat' dir='ltr'>pergentibus‚‹</span> <span class='ocrx_word' id='word_1_68' title='bbox 617 1010 665 1064; x_wconf 86' lang='lat' dir='ltr'>iter</span> <span class='ocrx_word' id='word_1_69' title='bbox 690 1010 814 1064; x_wconf 75' lang='lat' dir='ltr'>sideribus</span> <span class='ocrx_word' id='word_1_70' title='bbox 837 1012 998 1073; x_wconf 81' lang='lat' dir='ltr'>destinatur,</span> 
     </span>
     <span class='ocr_line' id='line_1_12' title="bbox 101 1083 998 1152; baseline 0.002 -16"><span class='ocrx_word' id='word_1_71' title='bbox 101 1102 151 1138; x_wconf 90' lang='lat' dir='ltr'>nec</span> <span class='ocrx_word' id='word_1_72' title='bbox 170 1083 243 1138; x_wconf 79' lang='lat' dir='ltr'>aliter</span> <span class='ocrx_word' id='word_1_73' title='bbox 262 1098 352 1137; x_wconf 86' lang='lat' dir='ltr'>cursus</span> <span class='ocrx_word' id='word_1_74' title='bbox 370 1085 492 1152; x_wconf 80' lang='lat' dir='ltr'>patescit.</span> <span class='ocrx_word' id='word_1_75' title='bbox 511 1088 577 1138; x_wconf 88' lang='lat' dir='ltr'>Nam</span> <span class='ocrx_word' id='word_1_76' title='bbox 596 1087 680 1151; x_wconf 85' lang='lat' dir='ltr'>putris</span> <span class='ocrx_word' id='word_1_77' title='bbox 698 1084 745 1136; x_wconf 84' lang='lat' dir='ltr'>soli</span> <span class='ocrx_word' id='word_1_78' title='bbox 765 1084 855 1139; x_wconf 81' lang='lat' dir='ltr'>faciem</span> <span class='ocrx_word' id='word_1_79' title='bbox 873 1100 998 1138; x_wconf 90' lang='lat' dir='ltr'>auramu·</span> 
     </span>
    </p>

    <p class='ocr_par' dir='ltr' id='par_1_7' title="bbox 61 1157 465 1224">
     <span class='ocr_line' id='line_1_13' title="bbox 61 1157 465 1224; baseline 0.01 -17"><span class='ocrx_word' id='word_1_80' title='bbox 61 1201 64 1207; x_wconf 91' lang='lat'>.</span> <span class='ocrx_word' id='word_1_81' title='bbox 101 1171 143 1213; x_wconf 86' lang='lat' dir='ltr'>tar</span> <span class='ocrx_word' id='word_1_82' title='bbox 162 1165 208 1209; x_wconf 75' lang='lat' dir='ltr'>dre.</span> <span class='ocrx_word' id='word_1_83' title='bbox 227 1157 327 1211; x_wconf 80' lang='lat' dir='ltr'>Solinus</span> <span class='ocrx_word' id='word_1_84' title='bbox 343 1174 401 1224; x_wconf 80' lang='lat' dir='ltr'>cap·</span> <span class='ocrx_word' id='word_1_85' title='bbox 420 1172 465 1219; x_wconf 73' lang='lat' dir='ltr'>eo.</span> 
     </span>
    </p>

    <p class='ocr_par' dir='ltr' id='par_1_8' title="bbox 101 1224 1018 1371">
     <span class='ocr_line' id='line_1_14' title="bbox 138 1224 1018 1301; baseline 0.003 -17"><span class='ocrx_word' id='word_1_86' title='bbox 138 1224 249 1286; x_wconf 66' lang='lat' dir='ltr'>finitor</span> <span class='ocrx_word' id='word_1_87' title='bbox 265 1226 398 1286; x_wconf 78' lang='lat' dir='ltr'>circulus.</span> <span class='ocrx_word' id='word_1_88' title='bbox 417 1228 531 1284; x_wconf 86' lang='lat' dir='ltr'>Horizon</span> <span class='ocrx_word' id='word_1_89' title='bbox 549 1227 590 1284; x_wconf 87' lang='lat' dir='ltr'>ille</span> <span class='ocrx_word' id='word_1_90' title='bbox 606 1227 640 1284; x_wconf 92' lang='lat' dir='ltr'>ab</span> <span class='ocrx_word' id='word_1_91' title='bbox 658 1227 756 1301; x_wconf 67' lang='grc' dir='ltr'>ὅρι’ζυς</span> <span class='ocrx_word' id='word_1_92' title='bbox 782 1232 904 1295; x_wconf 75' lang='lat' dir='ltr'>terminat</span> <span class='ocrx_word' id='word_1_93' title='bbox 928 1229 1018 1289; x_wconf 57' lang='lat' dir='ltr'>enim-</span> 
     </span>
     <span class='ocr_line' id='line_1_15' title="bbox 101 1301 793 1371; baseline 0.001 -15"><span class='ocrx_word' id='word_1_94' title='bbox 101 1310 128 1356; x_wconf 83' lang='lat' dir='ltr'>dr</span> <span class='ocrx_word' id='word_1_95' title='bbox 147 1303 237 1356; x_wconf 88' lang='lat' dir='ltr'>dividit</span> <span class='ocrx_word' id='word_1_96' title='bbox 255 1303 370 1371; x_wconf 84' lang='lat' dir='ltr'>superius</span> <span class='ocrx_word' id='word_1_97' title='bbox 387 1301 590 1370; x_wconf 70' lang='lat' dir='ltr'>hemispherium</span> <span class='ocrx_word' id='word_1_98' title='bbox 610 1305 642 1358; x_wconf 82' lang='lat' dir='ltr'>ab</span> <span class='ocrx_word' id='word_1_99' title='bbox 659 1303 793 1357; x_wconf 83' lang='lat' dir='ltr'>infer&#39;mri.</span> 
     </span>
    </p>

    <p class='ocr_par' dir='ltr' id='par_1_9' title="bbox 62 1374 848 1449">
     <span class='ocr_line' id='line_1_16' title="bbox 62 1374 848 1449; baseline -0.003 -15"><span class='ocrx_word' id='word_1_100' title='bbox 62 1376 129 1448; x_wconf 68' lang='lat' dir='ltr'>Peg·</span> <span class='ocrx_word' id='word_1_101' title='bbox 150 1392 198 1434; x_wconf 81' lang='lat'>291</span> <span class='ocrx_word' id='word_1_102' title='bbox 221 1374 363 1449; x_wconf 73' lang='lat' dir='ltr'>Maligna.</span> <span class='ocrx_word' id='word_1_103' title='bbox 382 1376 467 1430; x_wconf 91' lang='lat' dir='ltr'>Lutea</span> <span class='ocrx_word' id='word_1_104' title='bbox 483 1377 596 1441; x_wconf 84' lang='lat' dir='ltr'>scilicet,</span> <span class='ocrx_word' id='word_1_105' title='bbox 615 1376 656 1430; x_wconf 90' lang='lat' dir='ltr'>vei</span> <span class='ocrx_word' id='word_1_106' title='bbox 674 1378 745 1430; x_wconf 88' lang='lat' dir='ltr'>tenui</span> <span class='ocrx_word' id='word_1_107' title='bbox 764 1394 848 1432; x_wconf 70' lang='lat' dir='ltr'>venai</span> 
     </span>
    </p>

    <p class='ocr_par' dir='ltr' id='par_1_10' title="bbox 100 1446 998 1579">
     <span class='ocr_line' id='line_1_17' title="bbox 141 1446 998 1524; baseline -0.002 -20"><span class='ocrx_word' id='word_1_108' title='bbox 141 1446 308 1524; x_wconf 71' lang='lat' dir='ltr'>sufficitque</span> <span class='ocrx_word' id='word_1_109' title='bbox 326 1456 374 1504; x_wconf 74' lang='lat' dir='ltr'>dcc·</span> <span class='ocrx_word' id='word_1_110' title='bbox 392 1452 501 1504; x_wconf 87' lang='lat' dir='ltr'>Nemine</span> <span class='ocrx_word' id='word_1_111' title='bbox 518 1449 679 1505; x_wconf 80' lang='lat' dir='ltr'>desiderante</span> <span class='ocrx_word' id='word_1_112' title='bbox 697 1450 998 1518; x_wconf 74' lang='lat' dir='ltr'>iliud,quoabstinu15-</span> 
     </span>
     <span class='ocr_line' id='line_1_18' title="bbox 100 1524 234 1579; baseline -0.015 0"><span class='ocrx_word' id='word_1_113' title='bbox 100 1540 141 1579; x_wconf 83' lang='lat' dir='ltr'>set</span> <span class='ocrx_word' id='word_1_114' title='bbox 161 1524 234 1577; x_wconf 81' lang='lat' dir='ltr'>dux·</span> 
     </span>
    </p>

    <p class='ocr_par' dir='ltr' id='par_1_11' title="bbox 85 1583 999 1952">
     <span class='ocr_line' id='line_1_19' title="bbox 85 1583 998 1667; baseline 0 -20"><span class='ocrx_word' id='word_1_115' title='bbox 85 1644 88 1647; x_wconf 82' lang='lat'><em>.</em></span> <span class='ocrx_word' id='word_1_116' title='bbox 114 1587 236 1651; x_wconf 70' lang='lat' dir='ltr'>‘Terris</span> <span class='ocrx_word' id='word_1_117' title='bbox 254 1601 302 1648; x_wconf 78' lang='lat' dir='ltr'>dre.</span> <span class='ocrx_word' id='word_1_118' title='bbox 320 1594 435 1667; x_wconf 78' lang='lat' dir='ltr'>Juppiter</span> <span class='ocrx_word' id='word_1_119' title='bbox 451 1592 560 1649; x_wconf 86' lang='lat' dir='ltr'>arietina</span> <span class='ocrx_word' id='word_1_120' title='bbox 587 1583 687 1656; x_wconf 78' lang='lat' dir='ltr'>forma,</span> <span class='ocrx_word' id='word_1_121' title='bbox 713 1592 755 1646; x_wconf 86' lang='lat' dir='ltr'>vel</span> <span class='ocrx_word' id='word_1_122' title='bbox 780 1593 899 1647; x_wconf 84' lang='lat' dir='ltr'>umbilico</span> <span class='ocrx_word' id='word_1_123' title='bbox 923 1610 998 1649; x_wconf 83' lang='lat' dir='ltr'>tenus</span> 
     </span>
     <span class='ocr_line' id='line_1_20' title="bbox 103 1665 998 1742; baseline -0.001 -21"><span class='ocrx_word' id='word_1_124' title='bbox 103 1667 120 1742; x_wconf 88' lang='lat'>(</span> <span class='ocrx_word' id='word_1_125' title='bbox 139 1684 168 1721; x_wconf 89' lang='lat' dir='ltr'>ut</span> <span class='ocrx_word' id='word_1_126' title='bbox 186 1668 262 1721; x_wconf 87' lang='lat' dir='ltr'>habet</span> <span class='ocrx_word' id='word_1_127' title='bbox 280 1670 314 1734; x_wconf 73' lang='lat' dir='ltr'>Q</span> <span class='ocrx_word' id='word_1_128' title='bbox 330 1671 434 1723; x_wconf 83' lang='lat' dir='ltr'>Curtius</span> <span class='ocrx_word' id='word_1_129' title='bbox 451 1668 493 1720; x_wconf 89' lang='lat' dir='ltr'>lib.</span> <span class='ocrx_word' id='word_1_130' title='bbox 511 1685 528 1726; x_wconf 83' lang='lat'>4</span> <span class='ocrx_word' id='word_1_131' title='bbox 547 1667 559 1738; x_wconf 86' lang='grc'><strong>)</strong></span> <span class='ocrx_word' id='word_1_132' title='bbox 580 1667 653 1720; x_wconf 87' lang='lat' dir='ltr'>arieti</span> <span class='ocrx_word' id='word_1_133' title='bbox 671 1665 780 1734; x_wconf 83' lang='lat' dir='ltr'>similis,</span> <span class='ocrx_word' id='word_1_134' title='bbox 802 1668 904 1725; x_wconf 78' lang='lat' dir='ltr'>cultus3</span> <span class='ocrx_word' id='word_1_135' title='bbox 928 1669 998 1736; x_wconf 87' lang='lat' dir='ltr'>quod</span> 
     </span>
     <span class='ocr_line' id='line_1_21' title="bbox 100 1738 999 1809; baseline -0.001 -14"><span class='ocrx_word' id='word_1_136' title='bbox 100 1744 145 1795; x_wconf 83' lang='lat' dir='ltr'>iric</span> <span class='ocrx_word' id='word_1_137' title='bbox 163 1740 252 1796; x_wconf 86' lang='lat' dir='ltr'>Libero</span> <span class='ocrx_word' id='word_1_138' title='bbox 269 1743 407 1793; x_wconf 76' lang='lat' dir='ltr'>exercitum</span> <span class='ocrx_word' id='word_1_139' title='bbox 425 1739 542 1803; x_wconf 87' lang='lat' dir='ltr'>ducenti,</span> <span class='ocrx_word' id='word_1_140' title='bbox 559 1742 601 1793; x_wconf 86' lang='lat' dir='ltr'>siti</span> <span class='ocrx_word' id='word_1_141' title='bbox 627 1738 754 1809; x_wconf 70' lang='lat' dir='ltr'>fatigato,</span> <span class='ocrx_word' id='word_1_142' title='bbox 778 1748 802 1792; x_wconf 76' lang='lat' dir='ltr'>dr</span> <span class='ocrx_word' id='word_1_143' title='bbox 820 1742 893 1806; x_wconf 81' lang='lat' dir='ltr'>Iovis</span> <span class='ocrx_word' id='word_1_144' title='bbox 917 1744 999 1807; x_wconf 80' lang='lat' dir='ltr'>patris</span> 
     </span>
     <span class='ocr_line' id='line_1_22' title="bbox 101 1812 999 1881; baseline -0.007 -14"><span class='ocrx_word' id='word_1_145' title='bbox 101 1813 253 1881; x_wconf 78' lang='lat' dir='ltr'>imploranti</span> <span class='ocrx_word' id='word_1_146' title='bbox 271 1814 415 1879; x_wconf 83' lang='lat' dir='ltr'>auxilium,</span> <span class='ocrx_word' id='word_1_147' title='bbox 432 1815 519 1868; x_wconf 83' lang='lat' dir='ltr'>statim</span> <span class='ocrx_word' id='word_1_148' title='bbox 539 1814 593 1867; x_wconf 83' lang='lat' dir='ltr'>viso</span> <span class='ocrx_word' id='word_1_149' title='bbox 611 1814 709 1877; x_wconf 81' lang='lat' dir='ltr'>ariete,</span> <span class='ocrx_word' id='word_1_150' title='bbox 735 1812 793 1866; x_wconf 86' lang='lat' dir='ltr'>fons</span> <span class='ocrx_word' id='word_1_151' title='bbox 817 1813 918 1865; x_wconf 75' lang='lat' dir='ltr'>exsiluit</span> <span class='ocrx_word' id='word_1_152' title='bbox 943 1830 999 1867; x_wconf 85' lang='lat' dir='ltr'>are.</span> 
     </span>
     <span class='ocr_line' id='line_1_23' title="bbox 101 1886 797 1952; baseline -0.007 -13"><span class='ocrx_word' id='word_1_153' title='bbox 101 1891 160 1940; x_wconf 85' lang='lat' dir='ltr'>nis·</span> <span class='ocrx_word' id='word_1_154' title='bbox 182 1887 242 1940; x_wconf 84' lang='lat' dir='ltr'>Vide</span> <span class='ocrx_word' id='word_1_155' title='bbox 260 1889 320 1941; x_wconf 88' lang='lat' dir='ltr'>Dio.</span> <span class='ocrx_word' id='word_1_156' title='bbox 340 1889 388 1939; x_wconf 84' lang='lat' dir='ltr'>Sic·</span> <span class='ocrx_word' id='word_1_157' title='bbox 407 1886 450 1947; x_wconf 85' lang='lat' dir='ltr'>lib·</span> <span class='ocrx_word' id='word_1_158' title='bbox 472 1902 515 1951; x_wconf 66' lang='grc' dir='ltr'>ιγ,</span> <span class='ocrx_word' id='word_1_159' title='bbox 532 1895 557 1940; x_wconf 74' lang='lat' dir='ltr'>te</span> <span class='ocrx_word' id='word_1_160' title='bbox 576 1887 673 1939; x_wconf 84' lang='lat' dir='ltr'>Herod·</span> <span class='ocrx_word' id='word_1_161' title='bbox 695 1890 797 1952; x_wconf 82' lang='lat' dir='ltr'>Euterp.</span> 
     </span>
    </p>

    <p class='ocr_par' dir='ltr' id='par_1_12' title="bbox 63 1952 1027 2386">
     <span class='ocr_line' id='line_1_24' title="bbox 63 1952 999 2031; baseline 0.001 -19"><span class='ocrx_word' id='word_1_162' title='bbox 63 1957 130 2029; x_wconf 65' lang='lat' dir='ltr'>Peg·</span> <span class='ocrx_word' id='word_1_163' title='bbox 150 1975 199 2017; x_wconf 78' lang='lat' dir='ltr'>ede</span> <span class='ocrx_word' id='word_1_164' title='bbox 221 1964 298 2014; x_wconf 85' lang='lat' dir='ltr'>Nam</span> <span class='ocrx_word' id='word_1_165' title='bbox 315 1952 513 2031; x_wconf 63' lang='lat' dir='ltr'>miriquidui.</span> <span class='ocrx_word' id='word_1_166' title='bbox 532 1959 642 2026; x_wconf 82' lang='lat' dir='ltr'>Reliqua</span> <span class='ocrx_word' id='word_1_167' title='bbox 661 1961 743 2013; x_wconf 85' lang='lat' dir='ltr'>omnis</span> <span class='ocrx_word' id='word_1_168' title='bbox 766 1960 836 2028; x_wconf 88' lang='lat' dir='ltr'>regio</span> <span class='ocrx_word' id='word_1_169' title='bbox 866 1959 999 2013; x_wconf 72' lang='lat' dir='ltr'>interLe·</span> 
     </span>
     <span class='ocr_line' id='line_1_25' title="bbox 93 2031 1000 2103; baseline -0.006 -13"><span class='ocrx_word' id='word_1_170' title='bbox 93 2038 160 2100; x_wconf 79' lang='lat' dir='ltr'>‚prin</span> <span class='ocrx_word' id='word_1_171' title='bbox 179 2031 322 2096; x_wconf 82' lang='lat' dir='ltr'>Minorem,</span> <span class='ocrx_word' id='word_1_172' title='bbox 341 2050 396 2103; x_wconf 75' lang='lat' dir='ltr'>quo</span> <span class='ocrx_word' id='word_1_173' title='bbox 415 2033 631 2102; x_wconf 84' lang='lat' dir='ltr'>Libyphoenicum</span> <span class='ocrx_word' id='word_1_174' title='bbox 642 2032 733 2087; x_wconf 69' lang='lat' dir='ltr'>Africo</span> <span class='ocrx_word' id='word_1_175' title='bbox 751 2032 811 2084; x_wconf 87' lang='lat' dir='ltr'>urbs</span> <span class='ocrx_word' id='word_1_176' title='bbox 828 2046 883 2095; x_wconf 83' lang='lat' dir='ltr'>est,</span> <span class='ocrx_word' id='word_1_177' title='bbox 901 2033 1000 2086; x_wconf 76' lang='lat' dir='ltr'>&amp;Pen-</span> 
     </span>
     <span class='ocr_line' id='line_1_26' title="bbox 103 2105 999 2176; baseline -0.002 -16"><span class='ocrx_word' id='word_1_178' title='bbox 103 2106 271 2173; x_wconf 83' lang='lat' dir='ltr'>tapolitanam</span> <span class='ocrx_word' id='word_1_179' title='bbox 288 2114 415 2176; x_wconf 75' lang='lat' dir='ltr'>regionem</span> <span class='ocrx_word' id='word_1_180' title='bbox 433 2106 531 2162; x_wconf 81' lang='lat' dir='ltr'>arbores</span> <span class='ocrx_word' id='word_1_181' title='bbox 554 2111 606 2160; x_wconf 84' lang='lat' dir='ltr'>n&#39;on</span> <span class='ocrx_word' id='word_1_182' title='bbox 634 2106 724 2161; x_wconf 84' lang='lat' dir='ltr'>habet.</span> <span class='ocrx_word' id='word_1_183' title='bbox 750 2105 897 2161; x_wconf 75' lang='lat' dir='ltr'>Berenicida</span> <span class='ocrx_word' id='word_1_184' title='bbox 922 2122 999 2164; x_wconf 78' lang='lat' dir='ltr'>vocat</span> 
     </span>
     <span class='ocr_line' id='line_1_27' title="bbox 103 2178 1027 2249; baseline -0.003 -15"><span class='ocrx_word' id='word_1_185' title='bbox 103 2198 119 2234; x_wconf 86' lang='lat' dir='ltr'>a</span> <span class='ocrx_word' id='word_1_186' title='bbox 145 2179 259 2233; x_wconf 79' lang='lat' dir='ltr'>Berenice</span> <span class='ocrx_word' id='word_1_187' title='bbox 278 2196 330 2234; x_wconf 86' lang='lat' dir='ltr'>una</span> <span class='ocrx_word' id='word_1_188' title='bbox 347 2180 461 2247; x_wconf 80' lang='lat' dir='ltr'>equinis</span> <span class='ocrx_word' id='word_1_189' title='bbox 485 2180 534 2234; x_wconf 89' lang='lat' dir='ltr'>illis</span> <span class='ocrx_word' id='word_1_190' title='bbox 561 2180 681 2242; x_wconf 77' lang='lat' dir='ltr'>urbibus,</span> <span class='ocrx_word' id='word_1_191' title='bbox 704 2197 761 2249; x_wconf 76' lang='lat' dir='ltr'>que</span> <span class='ocrx_word' id='word_1_192' title='bbox 787 2194 882 2231; x_wconf 90' lang='lat' dir='ltr'>nomen</span> <span class='ocrx_word' id='word_1_193' title='bbox 907 2178 1000 2231; x_wconf 89' lang='lat' dir='ltr'>sortita</span> <span class='ocrx_word' id='word_1_194' title='bbox 1024 2229 1027 2236; x_wconf 82' lang='grc'>,</span> 
     </span>
     <span class='ocr_line' id='line_1_28' title="bbox 103 2252 1000 2322; baseline -0.008 -12"><span class='ocrx_word' id='word_1_195' title='bbox 103 2269 143 2310; x_wconf 72' lang='lat' dir='ltr'>est</span> <span class='ocrx_word' id='word_1_196' title='bbox 168 2270 183 2306; x_wconf 95' lang='lat' dir='ltr'>a</span> <span class='ocrx_word' id='word_1_197' title='bbox 210 2252 330 2308; x_wconf 83' lang='lat' dir='ltr'>Berenice</span> <span class='ocrx_word' id='word_1_198' title='bbox 355 2252 485 2307; x_wconf 74' lang='lat' dir='ltr'>Prolemei</span> <span class='ocrx_word' id='word_1_199' title='bbox 503 2270 601 2319; x_wconf 79' lang='lat' dir='ltr'>uxore,</span> <span class='ocrx_word' id='word_1_200' title='bbox 618 2269 698 2322; x_wconf 86' lang='lat' dir='ltr'>quum</span> <span class='ocrx_word' id='word_1_201' title='bbox 723 2255 793 2321; x_wconf 75' lang='lat' dir='ltr'>priua</span> <span class='ocrx_word' id='word_1_202' title='bbox 817 2255 937 2322; x_wconf 80' lang='lat' dir='ltr'>Hesperie</span> <span class='ocrx_word' id='word_1_203' title='bbox 962 2252 1000 2304; x_wconf 87' lang='lat' dir='ltr'>di·</span> 
     </span>
     <span class='ocr_line' id='line_1_29' title="bbox 97 2326 535 2386; baseline 0.021 -9"><span class='ocrx_word' id='word_1_204' title='bbox 97 2327 146 2378; x_wconf 68' lang='lat' dir='ltr'>dia</span> <span class='ocrx_word' id='word_1_205' title='bbox 165 2326 256 2378; x_wconf 83' lang='lat' dir='ltr'>fuerit.</span> <span class='ocrx_word' id='word_1_206' title='bbox 532 2381 535 2386; x_wconf 89' lang='lat'>.</span> 
     </span>
    </p>

    <p class='ocr_par' dir='ltr' id='par_1_13' title="bbox 102 2387 1035 2902">
     <span class='ocr_line' id='line_1_30' title="bbox 141 2387 1000 2471; baseline 0.001 -20"><span class='ocrx_word' id='word_1_207' title='bbox 141 2404 302 2471; x_wconf 75' lang='lat' dir='ltr'>Deprensum</span> <span class='ocrx_word' id='word_1_208' title='bbox 319 2405 366 2451; x_wconf 74' lang='lat' dir='ltr'>&amp;c-</span> <span class='ocrx_word' id='word_1_209' title='bbox 385 2387 447 2452; x_wconf 86' lang='lat' dir='ltr'>Vult</span> <span class='ocrx_word' id='word_1_210' title='bbox 465 2398 559 2453; x_wconf 68' lang='lat' dir='ltr'>Aulioi·</span> <span class='ocrx_word' id='word_1_211' title='bbox 576 2397 709 2469; x_wconf 79' lang='lat' dir='ltr'>designare</span> <span class='ocrx_word' id='word_1_212' title='bbox 732 2397 816 2452; x_wconf 87' lang='lat' dir='ltr'>locum</span> <span class='ocrx_word' id='word_1_213' title='bbox 834 2399 864 2452; x_wconf 89' lang='lat' dir='ltr'>in</span> <span class='ocrx_word' id='word_1_214' title='bbox 880 2397 1000 2467; x_wconf 68' lang='lat' dir='ltr'>sphera,</span> 
     </span>
     <span class='ocr_line' id='line_1_31' title="bbox 103 2469 1000 2540; baseline 0.001 -17"><span class='ocrx_word' id='word_1_215' title='bbox 103 2470 148 2523; x_wconf 88' lang='lat' dir='ltr'>cui</span> <span class='ocrx_word' id='word_1_216' title='bbox 165 2469 238 2537; x_wconf 85' lang='lat' dir='ltr'>Jovis</span> <span class='ocrx_word' id='word_1_217' title='bbox 256 2476 411 2527; x_wconf 80' lang='lat' dir='ltr'>Hammonis</span> <span class='ocrx_word' id='word_1_218' title='bbox 427 2489 518 2526; x_wconf 84' lang='lat' dir='ltr'>nemus</span> <span class='ocrx_word' id='word_1_219' title='bbox 537 2475 563 2525; x_wconf 87' lang='lat' dir='ltr'>in</span> <span class='ocrx_word' id='word_1_220' title='bbox 583 2472 672 2526; x_wconf 86' lang='lat' dir='ltr'>tellure</span> <span class='ocrx_word' id='word_1_221' title='bbox 681 2472 834 2540; x_wconf 83' lang='lat' dir='ltr'>respondet.</span> <span class='ocrx_word' id='word_1_222' title='bbox 855 2471 896 2523; x_wconf 82' lang='lat' dir='ltr'>Ait</span> <span class='ocrx_word' id='word_1_223' title='bbox 913 2487 1000 2525; x_wconf 88' lang='lat' dir='ltr'>autem</span> 
     </span>
     <span class='ocr_line' id='line_1_32' title="bbox 104 2543 1002 2612; baseline 0.004 -18"><span class='ocrx_word' id='word_1_224' title='bbox 104 2560 197 2596; x_wconf 87' lang='lat' dir='ltr'>nemus</span> <span class='ocrx_word' id='word_1_225' title='bbox 216 2543 278 2600; x_wconf 84' lang='lat' dir='ltr'>illud</span> <span class='ocrx_word' id='word_1_226' title='bbox 296 2561 351 2598; x_wconf 74' lang='lat' dir='ltr'>esse</span> <span class='ocrx_word' id='word_1_227' title='bbox 369 2547 416 2599; x_wconf 85' lang='lat' dir='ltr'>sub</span> <span class='ocrx_word' id='word_1_228' title='bbox 437 2546 545 2612; x_wconf 87' lang='lat' dir='ltr'>Tropico</span> <span class='ocrx_word' id='word_1_229' title='bbox 560 2546 667 2607; x_wconf 86' lang='lat' dir='ltr'>Cancri,</span> <span class='ocrx_word' id='word_1_230' title='bbox 684 2563 761 2612; x_wconf 76' lang='lat' dir='ltr'>quem</span> <span class='ocrx_word' id='word_1_231' title='bbox 779 2560 854 2597; x_wconf 86' lang='lat' dir='ltr'>vocar</span> <span class='ocrx_word' id='word_1_232' title='bbox 872 2544 1002 2598; x_wconf 85' lang='lat' dir='ltr'>circulum</span> 
     </span>
     <span class='ocr_line' id='line_1_33' title="bbox 102 2613 1002 2686; baseline -0.003 -16"><span class='ocrx_word' id='word_1_233' title='bbox 102 2613 162 2670; x_wconf 76' lang='lat' dir='ltr'>alti</span> <span class='ocrx_word' id='word_1_234' title='bbox 180 2614 318 2681; x_wconf 74' lang='lat' dir='ltr'>solstitii,</span> <span class='ocrx_word' id='word_1_235' title='bbox 336 2620 403 2686; x_wconf 86' lang='lat' dir='ltr'>quod</span> <span class='ocrx_word' id='word_1_236' title='bbox 421 2620 461 2672; x_wconf 87' lang='lat' dir='ltr'>Sol</span> <span class='ocrx_word' id='word_1_237' title='bbox 480 2634 606 2673; x_wconf 82' lang='lat' dir='ltr'>summanr</span> <span class='ocrx_word' id='word_1_238' title='bbox 624 2619 720 2672; x_wconf 82' lang='lat' dir='ltr'>habeat</span> <span class='ocrx_word' id='word_1_239' title='bbox 736 2617 902 2672; x_wconf 86' lang='lat' dir='ltr'>altitudinem</span> <span class='ocrx_word' id='word_1_240' title='bbox 922 2619 949 2669; x_wconf 90' lang='lat' dir='ltr'>in</span> <span class='ocrx_word' id='word_1_241' title='bbox 970 2634 1002 2668; x_wconf 93' lang='lat' dir='ltr'>eo</span> 
     </span>
     <span class='ocr_line' id='line_1_34' title="bbox 106 2688 1001 2759; baseline 0.004 -21"><span class='ocrx_word' id='word_1_242' title='bbox 106 2688 180 2754; x_wconf 82' lang='lat' dir='ltr'>loco,</span> <span class='ocrx_word' id='word_1_243' title='bbox 198 2689 219 2741; x_wconf 89' lang='lat' dir='ltr'>si</span> <span class='ocrx_word' id='word_1_244' title='bbox 237 2691 270 2743; x_wconf 89' lang='lat' dir='ltr'>ad</span> <span class='ocrx_word' id='word_1_245' title='bbox 289 2694 386 2743; x_wconf 89' lang='lat' dir='ltr'>Zonam</span> <span class='ocrx_word' id='word_1_246' title='bbox 413 2708 580 2759; x_wconf 83' lang='lat' dir='ltr'>temperatam</span> <span class='ocrx_word' id='word_1_247' title='bbox 600 2691 726 2745; x_wconf 76' lang='lat' dir='ltr'>borealem</span> <span class='ocrx_word' id='word_1_248' title='bbox 744 2688 885 2744; x_wconf 86' lang='lat' dir='ltr'>referatur.</span> <span class='ocrx_word' id='word_1_249' title='bbox 910 2690 1001 2743; x_wconf 86' lang='lat' dir='ltr'>Latini</span> 
     </span>
     <span class='ocr_line' id='line_1_35' title="bbox 106 2759 1035 2831; baseline 0.004 -20"><span class='ocrx_word' id='word_1_250' title='bbox 106 2777 182 2827; x_wconf 88' lang='lat' dir='ltr'>porro</span> <span class='ocrx_word' id='word_1_251' title='bbox 199 2764 332 2830; x_wconf 80' lang='lat' dir='ltr'>Scriptores</span> <span class='ocrx_word' id='word_1_252' title='bbox 350 2765 497 2827; x_wconf 83' lang='lat' dir='ltr'>Capricorni</span> <span class='ocrx_word' id='word_1_253' title='bbox 507 2765 644 2831; x_wconf 85' lang='lat' dir='ltr'>Tropicum</span> <span class='ocrx_word' id='word_1_254' title='bbox 664 2759 865 2827; x_wconf 78' lang='lat' dir='ltr'>nonSolrtt&#39;tr&#39;r‘‚</span> <span class='ocrx_word' id='word_1_255' title='bbox 883 2763 926 2814; x_wconf 82' lang='lat' dir='ltr'>sed</span> <span class='ocrx_word' id='word_1_256' title='bbox 934 2768 1003 2815; x_wconf 83' lang='lat' dir='ltr'>Bru·</span> <span class='ocrx_word' id='word_1_257' title='bbox 1029 2775 1035 2805; x_wconf 75' lang='lat'>·&#39;</span> 
     </span>
     <span class='ocr_line' id='line_1_36' title="bbox 104 2834 958 2902; baseline -0.005 -12"><span class='ocrx_word' id='word_1_258' title='bbox 104 2848 153 2890; x_wconf 67' lang='grc' dir='ltr'><em>Μ</em></span> <span class='ocrx_word' id='word_1_259' title='bbox 170 2835 294 2889; x_wconf 83' lang='lat' dir='ltr'>circulum</span> <span class='ocrx_word' id='word_1_260' title='bbox 312 2836 493 2902; x_wconf 77' lang='lat' dir='ltr'>appellabant.</span> <span class='ocrx_word' id='word_1_261' title='bbox 511 2838 588 2889; x_wconf 81' lang='lat' dir='ltr'>ovid.</span> <span class='ocrx_word' id='word_1_262' title='bbox 612 2855 622 2896; x_wconf 84' lang='grc' dir='ltr'><strong>ς</strong></span> <span class='ocrx_word' id='word_1_263' title='bbox 653 2841 732 2889; x_wconf 72' lang='lat' dir='ltr'>Trist·</span> <span class='ocrx_word' id='word_1_264' title='bbox 753 2834 792 2886; x_wconf 84' lang='lat' dir='ltr'>El.</span> <span class='ocrx_word' id='word_1_265' title='bbox 815 2852 858 2896; x_wconf 71' lang='lat' dir='ltr'>ro,</span> <span class='ocrx_word' id='word_1_266' title='bbox 877 2854 903 2889; x_wconf 88' lang='lat' dir='ltr'>v.</span> <span class='ocrx_word' id='word_1_267' title='bbox 923 2852 958 2894; x_wconf 74' lang='lat'>7:</span> 
     </span>
    </p>

    <p class='ocr_par' dir='ltr' id='par_1_14' title="bbox 212 2903 1069 3060">
     <span class='ocr_line' id='line_1_37' title="bbox 212 2903 1069 2981; baseline -0.002 -20"><span class='ocrx_word' id='word_1_268' title='bbox 212 2919 275 2968; x_wconf 77' lang='lat' dir='ltr'>Nec</span> <span class='ocrx_word' id='word_1_269' title='bbox 291 2905 358 2962; x_wconf 82' lang='lat' dir='ltr'>mibi</span> <span class='ocrx_word' id='word_1_270' title='bbox 375 2906 531 2963; x_wconf 73' lang='lat' dir='ltr'>solstitium</span> <span class='ocrx_word' id='word_1_271' title='bbox 548 2905 695 2981; x_wconf 81' lang='lat' dir='ltr'>quidquam</span> <span class='ocrx_word' id='word_1_272' title='bbox 712 2903 747 2962; x_wconf 81' lang='lat' dir='ltr'>de</span> <span class='ocrx_word' id='word_1_273' title='bbox 763 2905 884 2962; x_wconf 65' lang='lat' dir='ltr'>niuibus</span> <span class='ocrx_word' id='word_1_274' title='bbox 902 2904 1004 2979; x_wconf 75' lang='lat' dir='ltr'>aufert,</span> <span class='ocrx_word' id='word_1_275' title='bbox 1066 2931 1069 2936; x_wconf 48' lang='lat'><strong>⁴</strong></span> 
     </span>
     <span class='ocr_line' id='line_1_38' title="bbox 289 2978 888 3060; baseline -0.008 -24"><span class='ocrx_word' id='word_1_276' title='bbox 289 2979 380 3060; x_wconf 77' lang='lat' dir='ltr'>Efficit</span> <span class='ocrx_word' id='word_1_277' title='bbox 399 2994 524 3054; x_wconf 76' lang='lat' dir='ltr'>angustor</span> <span class='ocrx_word' id='word_1_278' title='bbox 542 2998 588 3036; x_wconf 81' lang='lat' dir='ltr'>noc</span> <span class='ocrx_word' id='word_1_279' title='bbox 606 2979 675 3036; x_wconf 75' lang='lat' dir='ltr'>midi</span> <span class='ocrx_word' id='word_1_280' title='bbox 692 2981 796 3034; x_wconf 74' lang='lat' dir='ltr'>Bruma</span> <span class='ocrx_word' id='word_1_281' title='bbox 814 2978 888 3035; x_wconf 80' lang='lat' dir='ltr'>dier·</span> 
     </span>
    </p>
   </div>
   <div class='ocr_carea' id='block_1_3' title="bbox 42 3043 1007 3489">
    <p class='ocr_par' dir='ltr' id='par_1_15' title="bbox 102 3043 1004 3268">
     <span class='ocr_line' id='line_1_39' title="bbox 141 3043 1004 3122; baseline -0.001 -17"><span class='ocrx_word' id='word_1_282' title='bbox 141 3043 271 3108; x_wconf 78' lang='lat' dir='ltr'>Medium</span> <span class='ocrx_word' id='word_1_283' title='bbox 288 3062 335 3107; x_wconf 80' lang='lat' dir='ltr'>dre·</span> <span class='ocrx_word' id='word_1_284' title='bbox 355 3057 429 3107; x_wconf 82' lang='lat' dir='ltr'>Errat</span> <span class='ocrx_word' id='word_1_285' title='bbox 458 3056 500 3106; x_wconf 86' lang='lat' dir='ltr'>hic</span> <span class='ocrx_word' id='word_1_286' title='bbox 520 3056 633 3117; x_wconf 56' lang='lat' dir='ltr'>Ariston</span> <span class='ocrx_word' id='word_1_287' title='bbox 661 3069 732 3120; x_wconf 88' lang='lat' dir='ltr'>putat</span> <span class='ocrx_word' id='word_1_288' title='bbox 758 3056 827 3106; x_wconf 85' lang='lat' dir='ltr'>enim</span> <span class='ocrx_word' id='word_1_289' title='bbox 854 3051 1004 3122; x_wconf 83' lang='lat' dir='ltr'>degentibus</span> 
     </span>
     <span class='ocr_line' id='line_1_40' title="bbox 103 3125 1004 3195; baseline -0.003 -17"><span class='ocrx_word' id='word_1_290' title='bbox 103 3126 152 3182; x_wconf 76' lang='lat' dir='ltr'>rub</span> <span class='ocrx_word' id='word_1_291' title='bbox 171 3129 281 3192; x_wconf 87' lang='lat' dir='ltr'>Tropico</span> <span class='ocrx_word' id='word_1_292' title='bbox 298 3125 389 3194; x_wconf 76' lang='lat' dir='ltr'>Cancri</span> <span class='ocrx_word' id='word_1_293' title='bbox 407 3129 494 3179; x_wconf 87' lang='lat' dir='ltr'>omnia</span> <span class='ocrx_word' id='word_1_294' title='bbox 512 3128 703 3195; x_wconf 71' lang='lat' dir='ltr'>sideradrsigna</span> <span class='ocrx_word' id='word_1_295' title='bbox 721 3129 802 3193; x_wconf 77' lang='lat' dir='ltr'>telio,</span> <span class='ocrx_word' id='word_1_296' title='bbox 821 3145 874 3180; x_wconf 88' lang='lat' dir='ltr'>non</span> <span class='ocrx_word' id='word_1_297' title='bbox 888 3125 1004 3192; x_wconf 76' lang='lat' dir='ltr'>obliquo,</span> 
     </span>
     <span class='ocr_line' id='line_1_41' title="bbox 102 3198 1004 3268; baseline -0.006 -16"><span class='ocrx_word' id='word_1_298' title='bbox 102 3201 197 3252; x_wconf 79' lang='lat' dir='ltr'>itinere</span> <span class='ocrx_word' id='word_1_299' title='bbox 215 3198 270 3249; x_wconf 85' lang='lat' dir='ltr'>oriri</span> <span class='ocrx_word' id='word_1_300' title='bbox 290 3201 313 3253; x_wconf 86' lang='lat' dir='ltr'>dr</span> <span class='ocrx_word' id='word_1_301' title='bbox 332 3202 460 3252; x_wconf 84' lang='lat' dir='ltr'>occidere·</span> <span class='ocrx_word' id='word_1_302' title='bbox 479 3202 554 3265; x_wconf 72' lang='lat' dir='ltr'>Quod</span> <span class='ocrx_word' id='word_1_303' title='bbox 573 3217 662 3252; x_wconf 85' lang='lat' dir='ltr'>verum</span> <span class='ocrx_word' id='word_1_304' title='bbox 687 3215 724 3252; x_wconf 75' lang='lat' dir='ltr'>ert</span> <span class='ocrx_word' id='word_1_305' title='bbox 750 3203 797 3252; x_wconf 86' lang='lat' dir='ltr'>sub</span> <span class='ocrx_word' id='word_1_306' title='bbox 821 3202 874 3268; x_wconf 76' lang='lat' dir='ltr'>ipsa</span> <span class='ocrx_word' id='word_1_307' title='bbox 896 3213 1004 3252; x_wconf 80' lang='lat' dir='ltr'>tanturn</span> 
     </span>
    </p>

    <p class='ocr_par' dir='ltr' id='par_1_16' title="bbox 42 3270 1007 3489">
     <span class='ocr_line' id='line_1_42' title="bbox 42 3270 1005 3343; baseline -0.004 -17"><span class='ocrx_word' id='word_1_308' title='bbox 42 3289 45 3293; x_wconf 88' lang='grc'><em>·</em></span> <span class='ocrx_word' id='word_1_309' title='bbox 102 3270 249 3338; x_wconf 77' lang='lat' dir='ltr'>AEquntorir</span> <span class='ocrx_word' id='word_1_310' title='bbox 267 3270 354 3334; x_wconf 85' lang='lat' dir='ltr'>linea,</span> <span class='ocrx_word' id='word_1_311' title='bbox 370 3290 429 3342; x_wconf 80' lang='lat' dir='ltr'>quae</span> <span class='ocrx_word' id='word_1_312' title='bbox 450 3274 559 3326; x_wconf 84' lang='lat' dir='ltr'>medium</span> <span class='ocrx_word' id='word_1_313' title='bbox 577 3287 645 3343; x_wconf 72' lang='lat' dir='ltr'>secat</span> <span class='ocrx_word' id='word_1_314' title='bbox 664 3273 822 3327; x_wconf 81' lang='lat' dir='ltr'>Zudiacum.</span> <span class='ocrx_word' id='word_1_315' title='bbox 846 3276 935 3337; x_wconf 74' lang='lat' dir='ltr'>Quum</span> <span class='ocrx_word' id='word_1_316' title='bbox 955 3272 1005 3322; x_wconf 89' lang='lat' dir='ltr'>ita·</span> 
     </span>
     <span class='ocr_line' id='line_1_43' title="bbox 102 3342 1004 3413; baseline 0.001 -19"><span class='ocrx_word' id='word_1_317' title='bbox 102 3359 153 3413; x_wconf 89' lang='lat' dir='ltr'>que</span> <span class='ocrx_word' id='word_1_318' title='bbox 172 3357 272 3408; x_wconf 87' lang='lat' dir='ltr'>putaret</span> <span class='ocrx_word' id='word_1_319' title='bbox 281 3344 517 3410; x_wconf 74' lang='lat' dir='ltr'>AudierTropicum</span> <span class='ocrx_word' id='word_1_320' title='bbox 526 3347 615 3400; x_wconf 81' lang='lat' dir='ltr'>Cancri</span> <span class='ocrx_word' id='word_1_321' title='bbox 635 3347 768 3413; x_wconf 84' lang='lat' dir='ltr'>signorum</span> <span class='ocrx_word' id='word_1_322' title='bbox 785 3345 871 3397; x_wconf 87' lang='lat' dir='ltr'>orbem</span> <span class='ocrx_word' id='word_1_323' title='bbox 893 3342 1004 3396; x_wconf 84' lang='lat' dir='ltr'>medium</span> 
     </span>
     <span class='ocr_line' id='line_1_44' title="bbox 104 3416 1007 3489; baseline -0.001 -18"><span class='ocrx_word' id='word_1_324' title='bbox 104 3432 259 3485; x_wconf 84' lang='lat' dir='ltr'>percutere,</span> <span class='ocrx_word' id='word_1_325' title='bbox 277 3432 320 3467; x_wconf 86' lang='lat' dir='ltr'>seu</span> <span class='ocrx_word' id='word_1_326' title='bbox 339 3416 551 3484; x_wconf 53' lang='lat' dir='ltr'>dividere‚,nihil</span> <span class='ocrx_word' id='word_1_327' title='bbox 573 3423 666 3474; x_wconf 86' lang='lat' dir='ltr'>mirum</span> <span class='ocrx_word' id='word_1_328' title='bbox 685 3419 758 3473; x_wconf 88' lang='lat' dir='ltr'>illum</span> <span class='ocrx_word' id='word_1_329' title='bbox 778 3419 858 3489; x_wconf 79' lang='lat' dir='ltr'>signis</span> <span class='ocrx_word' id='word_1_330' title='bbox 885 3418 1007 3472; x_wconf 78' lang='lat' dir='ltr'>omnibns</span> 
     </span>
    </p>
   </div>
   <div class='ocr_carea' id='block_1_4' title="bbox 188 3505 713 3568">
    <p class='ocr_par' dir='ltr' id='par_1_17' title="bbox 188 3505 713 3568">
     <span class='ocr_line' id='line_1_45' title="bbox 188 3505 713 3568; baseline 0 0"><span class='ocrx_word' id='word_1_331' title='bbox 188 3505 355 3568; x_wconf 81' lang='lat' dir='ltr'>Lucanus.</span> <span class='ocrx_word' id='word_1_332' title='bbox 695 3526 713 3568; x_wconf 89' lang='lat' dir='ltr'>e</span> 
     </span>
    </p>
   </div>
   <div class='ocr_carea' id='block_1_5' title="bbox 0 0 1253 4100">
    <p class='ocr_par' dir='ltr' id='par_1_18' title="bbox 0 0 1253 4100">
     <span class='ocr_line' id='line_1_46' title="bbox 0 0 1253 4100; baseline 0 0"><span class='ocrx_word' id='word_1_333' title='bbox 0 0 1253 4100; x_wconf 95' lang='lat' dir='ltr'> </span> 
     </span>
    </p>
   </div>
  </div>
 </body>
</html>
