2492 4100
337 212 531 312 feruutur
552 224 598 308 x.
621 230 790 312 nom.
978 258 1030 337 ,η

68 392 78 405 '
122 382 229 437 minat.
250 379 365 449 Appellat
384 400 454 450 porro
472 380 607 436 zodiacum
626 383 752 436 circulum
772 381 834 438 anni
854 364 1031 462 moratorem,
1117 380 1119 383 ¹

124 457 198 524 quod
216 455 257 509 Sol
276 456 421 519 hujusmodi
437 456 561 511 circulum
580 472 724 525 percurrens
741 457 825 512 varias
843 462 906 513 anni
934 475 1032 531 tempe.

122 545 211 582 states
227 528 334 583 efficiar·
1012 523 1022 543 ’

167 609 225 675 igne
244 599 402 677 superjerllo.
421 603 509 670 Quum
528 602 626 657 scilicet
644 604 785 658 Mercurius
802 622 929 672 aquarum
948 608 1030 662 dami-

122 691 178 727 nus
196 679 275 740 aperit
294 692 338 729 ora
357 675 425 739 Nili,
442 684 466 729 oc
485 676 541 729 Sirii
560 677 628 730 ardor
643 677 759 739 ejusdem
778 695 857 745 aquas
876 680 1029 735 tumefacit.

167 745 326 821 Austrisque
343 757 390 808 &o
409 749 452 801 Ait
471 766 524 802 nou
542 765 605 804 anre
623 754 721 803 flumen
740 750 1026 810 hocerrorussuoscear·

124 836 200 883 tare,
216 841 292 892 quam
310 826 443 876 accesserit
462 824 587 876 Autumni
607 823 816 891 AEquinofiiium·
978 836 985 865 ¹

74 897 161 967 ‘eags
175 911 224 955 315
244 892 373 971 Zephyros
391 903 438 950 dec.
457 895 564 962 Optime
581 896 1025 967 antmadvertitscaligerAuctorem

123 968 273 1025 confudisse
290 986 353 1021 cum*
369 969 489 1037 Zephyris
508 984 602 1022 ventos
621 971 720 1022 Etesias
744 982 813 1024 statu
837 988 951 1041 tempore
976 976 1027 1040 spi·
1093 999 1095 1002 ’

125 1057 229 1106 rantes,
247 1042 324 1111 idque
342 1059 385 1110 per
404 1042 501 1095 multos
517 1042 587 1094 dies·
606 1044 642 1094 Hi
661 1056 731 1109 porro
749 1044 821 1096 venti
846 1060 899 1097 non
925 1046 957 1099 ab
976 1053 1026 1101 Oc·

68 1181 70 1184 ⁴
126 1115 247 1183 cidente,
263 1130 294 1168 ut
313 1115 439 1184 zephyri,
457 1114 499 1166 sed
516 1132 531 1169 a
550 1115 739 1181 Septemtrione
763 1117 879 1182 spiran'ts
904 1120 949 1186 qui
976 1121 1026 1186 pel-

125 1188 210 1243 lentes
227 1187 315 1242 nubila
333 1196 356 1241 ἀ
372 1205 479 1255 vapores
496 1188 523 1240 in
541 1204 648 1257 magnos
667 1188 804 1255 AErhiopiae
822 1206 925 1243 montes
949 1191 1026 1247 incre·

124 1275 244 1315 mentum
264 1262 315 1314 Nili
340 1275 511 1329 promovent;
533 1259 576 1313 vel
601 1262 645 1328 qui
670 1261 822 1315 obsistentes
846 1261 905 1315 Nilo
930 1269 1024 1319 fluenti

122 1335 336 1400 Septentrionem
355 1352 439 1388 uersus
457 1335 489 1389 ab
508 1338 619 1395 Austro,
638 1341 661 1387 oc
680 1350 751 1388 mare
765 1337 977 1390 Mediterraneum
996 1344 1025 1391 in

124 1409 216 1461 Nilum
235 1395 384 1469 eludentes,
401 1407 535 1469 efficiunt,
554 1422 583 1461 ut
602 1407 676 1459 undu
694 1408 893 1461 fluminiscursu
910 1413 1023 1466 coercito

124 1478 269 1534 fundantur
287 1481 313 1534 in
331 1498 450 1548 compos·
476 1485 539 1533 Haec
565 1480 651 1534 omnia
676 1498 756 1548 quum
782 1481 877 1534 Aneros
899 1483 1022 1555 anserinae

123 1554 250 1621 Zephyris
268 1556 389 1608 flantibus
407 1554 438 1606 ab
447 1552 603 1616 Occidente,
617 1569 719 1608 caussas
735 1553 839 1626 quidem
855 1555 968 1624 indicat,
984 1574 1022 1610 er.

121 1641 163 1681 rat
179 1643 266 1680 tamen
285 1628 311 1680 in
328 1627 473 1680 definiendo
492 1630 544 1680 situ
562 1634 586 1679 oc
604 1626 694 1695 plaga.
1013 1629 1020 1637 ⁴

162 1703 293 1755 Necnon
311 1708 358 1753 &c-
378 1699 556 1754 vetustissima
573 1702 660 1766 opinio
678 1699 747 1762 ferit,
765 1713 793 1753 ut
810 1701 864 1767 ipse
881 1698 943 1754 lusit
951 1702 1021 1759 Ana·

122 1787 218 1835 creon,
236 1775 317 1827 Solem
336 1781 360 1826 ἀ
378 1773 460 1827 Sidera
479 1776 576 1826 Oceani
593 1773 667 1841 aquis
692 1776 779 1840 pasci,
802 1773 900 1827 scilicet
923 1792 1019 1844 aquam

87 1852 90 1859 ’
121 1844 152 1897 in
170 1851 251 1899 aerem
270 1855 294 1899 ur
312 1846 400 1899 deinde
417 1847 443 1897 in
460 1845 545 1916 ignem
564 1845 695 1898 converti.
714 1849 785 1914 Hinc
808 1848 845 1901 ait
863 1846 959 1901 Αιιᾶοτ
976 1853 1020 1902 So-

84 1922 89 1943 ¹
124 1916 196 1984 lem,
214 1936 293 1988 quum
311 1919 441 1974 accesserit
459 1918 637 1987 adTropicuru
647 1920 758 1987 Cancri,
776 1932 877 1974 tantam
895 1936 1020 1984 aquarum

123 1992 223 2043 simin
241 2008 325 2045 aerem
344 1991 449 2054 tollere,
466 1990 554 2052 utlab
573 1991 629 2059 ipso
651 2008 709 2046 aere
734 2007 843 2061 nequeat
867 1996 1021 2067 attenuari,

122 2070 152 2116 &¹
165 2064 243 2118 altius
261 2068 353 2130 evehi;
372 2080 546 2135 proptereaque
565 2063 645 2119 unciis
654 2065 767 2131 tempore
774 2067 933 2133 superstitem
940 2084 1019 2136 aqua·

121 2153 179 2189 rum
199 2155 299 2206 partem
319 2140 345 2191 in
364 2155 456 2194 terram
464 2138 562 2200 delabi,
579 2140 780 2192 &lliloflumini
789 2142 1020 2195 incrementoesse.

83 2211 149 2278 Pag.
170 2220 221 2270 μό
242 2210 455 2285 Quasdam'om
475 2212 595 2275 Explicat
612 2211 715 2265 demum
734 2213 853 2268 Sacerdos
878 2213 920 2267 ille
934 2218 1018 2285 AEgy.

120 2282 188 2348 ptius
205 2286 364 2339 sententiam
382 2304 472 2349 suam,
487 2284 618 2350 affirmans
637 2285 752 2355 qruaedam
771 2290 879 2341 fiumina
898 2287 943 2339 diu
962 2303 1018 2355 post

122 2356 216 2422 Orbem
235 2357 365 2411 conditum
386 2359 493 2414 forruira
512 2375 634 2427 aquarum
652 2358 800 2412 colleci'rone
826 2376 840 2411 e
865 2373 937 2414 terro
959 2361 1018 2415 sinu

104 2429 245 2493 ·crupisse,
263 2448 293 2483 ac
313 2445 442 2499 propterea
468 2449 522 2484 esse
549 2449 614 2502 vaga
638 2441 662 2485 ἀ
688 2433 875 2494 incoosrarttia;
900 2435 1017 2501 quedam

118 2516 180 2551 vero
199 2502 230 2555 ab
249 2504 304 2569 ipsa
323 2506 410 2557 mundi
428 2506 522 2576 origine
540 2521 608 2558 cerro
626 2504 700 2560 alveo
718 2514 741 2559 dc
760 2508 836 2558 statis
852 2506 949 2576 legibus
970 2508 1016 2568 de÷

114 2574 246 2628 currentia
264 2579 391 2631 creatoris
409 2579 480 2640 jussu
499 2578 644 2632 exstitisse.
1012 2575 1015 2586 ¹

153 2649 296 2702 Sesostris.
315 2653 476 2718 Assyriorum
497 2655 576 2713 Rex,
594 2649 626 2705 ab
643 2650 699 2705 aliis
716 2646 821 2704 desinis
837 2651 955 2723 Regibus
962 2670 1015 2708 cur·

121 2734 152 2769 ru
172 2720 268 2781 januis
288 2723 362 2787 vehi,
381 2725 517 2795 arqueirn
535 2724 690 2791 triumphare
707 2724 815 2776 solitus.

151 2792 239 2864 Longi
253 2793 356 2868 populor
372 2804 418 2849 otc.
438 2798 475 2849 Ad
497 2797 629 2862 AErhiopas
647 2814 738 2864 nempe
756 2796 929 2866 Μακροβιές.
1014 2859 1019 2874 ,

151 2863 233 2918 crede
251 2876 300 2922 &m
320 2870 427 2923 Decimo
445 2886 544 2940 quoque
564 2869 643 2923 milite
655 2885 727 2923 serre
745 2869 835 2921 diruo.
1016 2883 1019 2888 ·

76 2937 139 3005 Peg·
160 2950 211 2996 ³27
232 2937 381 2995 solstitiis.
402 2947 504 2997 AEsrivo
521 2959 642 3006 taurnm3
661 2960 722 2996 nam
748 2941 884 2996 bisernum
905 2948 1014 3001 Brumae

112 3013 223 3062 nomine
239 3015 372 3080 appellant
390 3017 477 3070 Latini
497 3017 647 3083 Scriptores,
665 3028 695 3069 ut
713 3019 859 3092 monuimus
877 3017 973 3072 allas·-

152 3082 283 3138 Ht'emer.
303 3090 402 3142 Hiemis
421 3088 544 3143 vocabulo
562 3107 685 3160 aquarum
704 3087 894 3141 abundantiam
904 3090 1011 3150 indicat,

111 3168 170 3237 que
188 3158 255 3221 apud
275 3177 321 3211 nos
340 3162 442 3215 hiberno
460 3173 574 3229 tempure
592 3163 729 3222 decidunt,
754 3169 778 3215 oz
806 3177 839 3214 ex
862 3162 954 3242 quibus
971 3165 1010 3216 sui

90 3243 94 3250 ·
113 3228 181 3288 juris
198 3231 272 3294 quasi
292 3233 367 3286 factis
383 3235 573 3289 incrementum
591 3236 667 3290 Nilus
683 3235 793 3302 accipit.
980 3237 983 3246 ‘

151 3296 249 3372 Plagar
267 3301 371 3389 lffbnbr‘.
390 3316 487 3363 Zonam
506 3310 648 3369 torridam·
888 3339 894 3352 =

72 3370 135 3442 ¹³⁸8·
157 3374 208 3434 3²8
230 3372 328 3432 Pieres
346 3384 474 3450 Oppidum
494 3382 525 3437 ab
544 3383 635 3439 Arabia
654 3383 796 3452 Egyprum
815 3379 947 3438 dividens.
973 3400 981 3430 e
1009 3387 1015 3392 ’
