2492 4100
266 363 325 431 3st
574 338 938 411 CARMEN'

256 496 419 574 Libertas,
442 494 619 581 animusque
633 492 721 557 'mala
734 486 911 581 'ferrugine'
921 512 1029 580 purus:

257 610 388 703 Ipsaque
411 630 543 698 possesso
565 611 653 673 rne'ns
674 623 722 674 est
743 605 919 696 opulentior
940 617 1028 672 a'uro.

256 728 340 819 Quis
359 744 413 790 tua
436 724 592 791 cultorum
615 722 733 805 iuvenis
754 718 885 788 facunde
906 729 1028 788 tuorum

257 843 381 911 Limina
403 862 521 933 pauper
543 839 628 921 adit,
650 861 742 929 quern
765 843 826 903 nnn
847 837 979 904 animosa
1001 837 1118 904 beatum
1173 834 1177 845 ’

258 959 413 1048 Excipit,
435 957 588 1024 &subito
610 960 694 1038 juvat
718 953 912 1046 indulgentia
934 957 1047 1022 censu?

258 1074 414 1165 Quodque
436 1075 533 1164 magis
554 1074 637 1138 dono
658 1068 752 1138 suerit
774 1070 936 1159 pretiosius
957 1071 1058 1151 omni,

257 1191 374 1282 Diligis
396 1212 432 1255 ex
456 1211 561 1277 aequo:
584 1210 642 1254 nec
663 1205 698 1253 te
719 1186 856 1252 Fortuna
877 1186 1043 1266 clientum,

258 1305 425 1375 Natalesve
447 1321 593 1371 movent:
615 1303 750 1393 probitas
770 1302 924 1392 spoliatur
944 1302 977 1367 in
999 1301 1074 1368 iliis.

258 1423 354 1491 Nulla
376 1422 575 1511 superborum
597 1419 756 1511 patiuntur
776 1417 853 1485 diua
875 1420 1029 1499 jocorum:

260 1537 380 1616 Nullius
402 1538 515 1604 subitos
536 1533 637 1603 adfert
658 1537 766 1618 injuria
788 1536 879 1600 risus.

257 1649 351 1720 Unus
372 1656 516 1720 amicitiae
537 1675 668 1718 summos
689 1668 781 1718 tenor
802 1651 922 1732 ambit,
944 1648 978 1718 δέ
1001 1652 1101 1718 imos.-

257 1769 343 1838 Rara
368 1771 475 1837 domos
497 1787 624 1835 tenuem
647 1771 708 1833 no'n
729 1784 909 1856 aspernatur
922 1769 1078 1848 brunum,
1155 1771 1159 1782 ’

257 1885 406 1975 Raraque
427 1909 488 1953 non
512 1885 657 1951 humilem
680 1885 779 1950 calcat
798 1881 910 1950 fastosa
930 1884 1092 1951 clientem.

256 2001 327 2071 Illic
350 2018 433 2070 casta
454 2002 530 2069 licet
551 2022 658 2083 mens,
677 1999 713 2068 ἀ
736 2001 800 2067 sine
820 1999 948 2069 criniine
969 2016 1092 2068 constet

256 2120 354 2201 Vita,
376 2137 480 2185 tamen
502 2119 636 2208 probitas
656 2138 727 2185 curn
751 2135 934 2209 paupertate
953 2118 1078 2199 ja'cebit.

255 2234 318 2303 Sed
340 2236 431 2302 lateri
453 2235 553 2300 nullus
573 2234 720 2300 comitem
742 2235 931 2301 circumdare
951 2235 1082 2325 quaerit,

255 2351 360 2442 Quem
376 2350 430 2417 dat
448 2373 540 2440 purus
554 2372 659 2432 amor,
680 2351 732 2416 sed
746 2352 839 2440 quern
853 2351 926 2416 tulit
943 2350 1159 2440 impiamenes,

256 2467 324 2536 Nec
344 2462 504 2558 quisquam
525 2468 601 2533 ver‘o
622 2467 757 2556 pretium
780 2467 910 2559 largitur
930 2469 1049 2549 amico,

253 2584 359 2674 Quem
373 2600 472 2675 ,regat
494 2604 533 2649 ex
555 2604 664 2671 aequo,
688 2584 861 2674 vicibusque
882 2600 1010 2675 regatur
1031 2582 1065 2649 ab
1079 2582 1147 2651 illo:

255 2699 318 2767 Sed
338 2700 486 2766 miserum
507 2722 601 2789 parva
622 2689 703 2793 s'tipe
725 2702 886 2781 munerat,
911 2706 946 2765 ut'
967 2698 1141 2790 pudibundos

254 2813 412 2882 Exercere
430 2817 509 2881 sales
536 2817 619 2880 inter
640 2816 779 2882 convivia
801 2817 910 2906 possit.

254 2929 318 2998 lsta
339 2932 450 3021 procul
472 2932 575 3011 labes,
597 2932 705 3020 procul
729 2931 797 2998 haec
818 2932 955 3000 Fortuna
977 2929 1090 3023 refugit

253 3044 325 3113 Piso
346 3065 432 3114 tuam
453 3047 628 3114 venerande
644 3048 772 3113 domurn
783 3074 793 3136 3
815 3066 849 3115 tu
871 3048 972 3130 mitis,
985 3047 1027 3115 ¹&
1047 3043 1105 3111 acri

250 3160 435 3251 Asperitate
453 3166 579 3245 carens,
592 3163 762 3254 *positoque
784 3187 841 3254 per
860 3165 963 3231 omnia
984 3161 1076 3242 unu,

245 3273 342 3343 Inter
365 3295 400 3344 ut
419 3280 651 3369 aequales'nnns'
673 3282 843 3347 numeraris
863 3280 994 3348 amicos:

250 3393 503 3484 Obsequinrnque
525 3376 636 3480 dotes,
655 3395 694 3464 ἃ
715 3398 851 3463 amorem
868 3399 983 3486 questio
1002 3394 1102 3463 amand
1128 3441 1137 3457 .
1223 3418 1225 3483 4

246 3506 369 3576 Guntia
382 3509 496 3579 domus
517 3513 774 3581 sarracinorum
796 3518 940 3603 personat
960 3531 1048 3596 ane,
1090 3512 1094 3519 '
