2492 4100
246 244 308 310 sat
543 218 888 296 PHARSALIA.

243 428 268 465 ‚,
278 375 435 446 Intumuit
442 422 453 459 ,
477 375 613 465 viditque
634 376 704 442 loco
725 373 867 446 Romana
888 370 1040 443 meando.
1145 417 1149 424 -

243 496 382 587 „Quare
389 494 494 585 agite,
508 491 630 573 Eoum,
643 492 790 575 comites,
804 490 1161 584 properemusinorbem.

242 609 397 698 „Dividit
423 607 597 698 Euphrates
617 608 780 699 ingentem
800 608 927 701 gurgite
947 608 1116 691 muudum,
1156 648 1160 656 ·

241 725 450 815 „Caspiaque
471 724 624 790 inmensos
645 723 794 791 seducunt
813 699 952 806 ,claustra
973 744 1126 807 recessus,
1235 773 1236 796 2

239 843 317 929 „Et
339 841 426 931 polus
448 835 588 921 Assyrias
609 840 692 905 alter
715 838 895 931 nouasque,
914 831 1042 928 ⁴diesque
1235 821 1236 828 ἵ

240 1010 266 1044 „
274 956 406 1038 Vertit,
420 954 455 1023 dt
466 957 628 1045 abruptum
641 973 688 1021 est
705 972 809 1022 nostro
824 977 908 1022 mare
924 955 1057 1023 discolor
1073 955 1159 1038 urrda,

241 1074 481 1161 „Oceanusque
503 1069 778 1162 suus.=Regnaudi
799 1072 863 1140 solu
888 1070 1048 1161 uoluptas.

240 1189 395 1276 „Celsior
419 1187 451 1252 in
476 1188 590 1277 campis
610 1188 751 1277 sonipes,
771 1185 806 1257 dt
827 1184 938 1253 fortior
958 1209 1065 1275 artus3

239 1304 340 1393 „Nec
363 1325 441 1392 puer
462 1322 514 1370 aut
537 1303 638 1369 senior
660 1303 770 1371 letales
791 1304 921 1372 tendere
942 1324 1057 1372 uersos

238 1419 397 1512 ‚‚Segnis,
419 1419 453 1488 dt
475 1442 493 1486 a
517 1420 599 1486 nulla
621 1440 704 1485 mors
725 1437 773 1486 est
794 1420 913 1488 incerta
934 1420 1069 1512 sagitta.

239 1536 370 1624 „Primi
390 1534 521 1603 Pellaeas
541 1558 614 1602 arcu
636 1532 761 1627 fregere
783 1536 920 1619 sarissas,

237 1653 437 1742 „Babil-aque
458 1652 630 1721 Medorum
651 1650 773 1733 sedem,
794 1651 950 1743 murisque
970 1654 1132 1745 superbam
1237 1693 1238 1714 1

236 1767 407 1859 „Asmira
432 1769 587 1849 Babylona
606 1768 731 1835 domus.
754 1766 822 1836 Nec
844 1769 905 1859 pila
928 1768 1097 1836 timentur·
1153 1831 1157 1838 .

235 1895 262 1974 '„
271 1885 385 1955 Nostra
406 1885 495 1950 nimis
517 1879 659 1966 Parthis,
680 1883 856 1975 audentque
876 1885 908 1951 in
930 1884 1012 1951 bella
1034 1886 1156 1969 venire,

176 2080 181 2096 .
236 2000 400 2091 „Experti
423 2000 605 2083 Scythicas,
628 1997 740 2071 Crasso
762 2017 931 2091 pereunte,
952 2000 1130 2091 pharetras.
1152 2045 1159 2073 2
1238 2041 1239 2051 κ

235 2118 390 2209 „Spicula
410 2139 468 2184 nec
489 2120 555 2184 solo
575 2133 724 2209 spargunt
747 2116 878 2197 fidentia⁴
890 2115 993 2206 fer103

234 2235 403 2324 „Stridula
424 2233 476 2300 sed
498 2235 598 2300 multo
618 2235 879 2303 saturanturrtela
901 2255 1040 2301 veneno.

234 2347 1179 2443 3,Vulneraparvanocent,fatnmqneinsanguinesummoest
1237 2356 1239 2383 ¹

233 2465 300 2555 „O
320 2467 437 2534 utinam
460 2491 522 2534 non
545 2483 633 2533 tanta
655 2465 730 2533 mihi
753 2464 858 2533 fiducia
879 2468 968 2534 savis

232 2580 355 2671 „Esset
375 2584 407 2649 in
430 2578 602 2651 Arsacidis!
624 2579 696 2648 fatis
717 2582 806 2647 nimis
827 2582 938 2649 aemula
961 2585 1076 2649 nostris
1148 2644 1154 2657 ,

230 2699 339 2786 „Fata
347 2717 473 2767 movent
482 2697 1148 2790 Medosmnltumqueingentedeommest,

232 2810 426 2902 „Effundam
450 2813 579 2904 populos
599 2814 659 2879 alia
682 2812 795 2879 tellure
816 2815 974 2897 revulsos,

230 2938 254 3018 '‚‚
262 2928 451 3021 Excitosque
474 2931 534 3003 suis
555 2930 712 3007 inmittam
734 2926 853 2997 sedibus
874 2949 978 2996 ortus.

228 3043 353 3137 „Quod
375 3048 400 3111 si
425 3069 480 3113 nos
502 3046 568 3113 an
589 3045 681 3128 fides,
704 3043 738 3112 dt
760 3044 892 3113 Barbara
914 3043 1028 3114 fallunt

226 3161 409 3251 „Foedera3
432 3161 549 3254 vulgati
568 3183 657 3252 supra
678 3162 861 3228 commercia
875 3164 992 3229 -mnndi

226 3332 249 3367 „
258 3275 458 3368 Naufragium
479 3278 615 3349 Fortuna
636 3275 734 3343 ferat.
758 3277 830 3344 Non
852 3299 948 3370 regna
970 3277 1132 3369 precabor,

224 3394 341 3486 „Quae
362 3389 442 3480 seci3
466 3393 520 3460 sed
542 3415 654 3485 magna
676 3390 902 3474 feramsolatia
927 3395 1036 3460 mortis
