<?xml version="1.0" encoding="UTF-8"?>
<!DOCTYPE html PUBLIC "-//W3C//DTD XHTML 1.0 Transitional//EN"
    "http://www.w3.org/TR/xhtml1/DTD/xhtml1-transitional.dtd">
<html xmlns="http://www.w3.org/1999/xhtml" xml:lang="en" lang="en">
 <head>
  <title>
</title>
<meta http-equiv="Content-Type" content="text/html;charset=utf-8" />
  <meta name='ocr-system' content='tesseract 3.04.00' />
  <meta name='ocr-capabilities' content='ocr_page ocr_carea ocr_par ocr_line ocrx_word'/>
</head>
<body>
  <div class='ocr_page' id='page_1' title='image "./marciannaeiluca00bettgoog_0395.png"; bbox 0 0 2492 4100; ppageno 0'>
   <div class='ocr_carea' id='block_1_1' title="bbox 320 255 1026 361">
    <p class='ocr_par' dir='ltr' id='par_1_1' title="bbox 320 255 1026 361">
     <span class='ocr_line' id='line_1_1' title="bbox 320 255 1026 361; baseline 0.037 -42"><span class='ocrx_word' id='word_1_1' title='bbox 320 308 336 335; x_wconf 65' lang='lat'>=.</span> <span class='ocrx_word' id='word_1_2' title='bbox 360 255 602 361; x_wconf 60' lang='lat' dir='ltr'>LUCANI„</span> <span class='ocrx_word' id='word_1_3' title='bbox 626 260 725 331; x_wconf 73' lang='grc' dir='ltr'>ΜΒ.</span> <span class='ocrx_word' id='word_1_4' title='bbox 748 261 774 330; x_wconf 93' lang='lat'>1.</span> <span class='ocrx_word' id='word_1_5' title='bbox 967 290 1026 345; x_wconf 76' lang='lat'>375</span> 
     </span>
    </p>
   </div>
   <div class='ocr_carea' id='block_1_2' title="bbox 12 408 1036 3536">
    <p class='ocr_par' dir='ltr' id='par_1_2' title="bbox 12 408 1030 1323">
     <span class='ocr_line' id='line_1_2' title="bbox 102 408 1030 507; baseline -0.01 -21"><span class='ocrx_word' id='word_1_6' title='bbox 102 417 181 486; x_wconf 86' lang='lat' dir='ltr'>Pars</span> <span class='ocrx_word' id='word_1_7' title='bbox 202 413 302 481; x_wconf 83' lang='lat' dir='ltr'>turbae</span> <span class='ocrx_word' id='word_1_8' title='bbox 321 413 452 507; x_wconf 56' lang='lat' dir='ltr'>misenen·</span> <span class='ocrx_word' id='word_1_9' title='bbox 466 410 565 483; x_wconf 79' lang='lat' dir='ltr'>Latiis</span> <span class='ocrx_word' id='word_1_10' title='bbox 586 413 716 477; x_wconf 70' lang='lat' dir='ltr'>nutrito·</span> <span class='ocrx_word' id='word_1_11' title='bbox 730 412 783 478; x_wconf 84' lang='lat' dir='ltr'>sub</span> <span class='ocrx_word' id='word_1_12' title='bbox 805 412 914 494; x_wconf 85' lang='lat' dir='ltr'>armis,</span> <span class='ocrx_word' id='word_1_13' title='bbox 1026 408 1030 411; x_wconf 62' lang='grc'>’</span> 
     </span>
     <span class='ocr_line' id='line_1_3' title="bbox 103 525 829 620; baseline -0.014 -19"><span class='ocrx_word' id='word_1_14' title='bbox 103 534 150 605; x_wconf 88' lang='lat' dir='ltr'>Et</span> <span class='ocrx_word' id='word_1_15' title='bbox 171 533 213 605; x_wconf 74' lang='lat' dir='ltr'>,de</span> <span class='ocrx_word' id='word_1_16' title='bbox 228 528 396 602; x_wconf 72' lang='lat' dir='ltr'>Romuleis</span> <span class='ocrx_word' id='word_1_17' title='bbox 418 528 587 620; x_wconf 75' lang='lat' dir='ltr'><strong>legionibus</strong></span> <span class='ocrx_word' id='word_1_18' title='bbox 608 547 682 595; x_wconf 84' lang='lat' dir='ltr'>ante</span> <span class='ocrx_word' id='word_1_19' title='bbox 703 525 829 594; x_wconf 86' lang='lat' dir='ltr'>suisset.</span> 
     </span>
     <span class='ocr_line' id='line_1_4' title="bbox 103 643 822 726; baseline -0.004 -11"><span class='ocrx_word' id='word_1_20' title='bbox 103 648 178 715; x_wconf 90' lang='lat' dir='ltr'>Hos</span> <span class='ocrx_word' id='word_1_21' title='bbox 201 646 276 717; x_wconf 78' lang='lat' dir='ltr'>oiim</span> <span class='ocrx_word' id='word_1_22' title='bbox 296 667 315 711; x_wconf 86' lang='lat' dir='ltr'>e</span> <span class='ocrx_word' id='word_1_23' title='bbox 337 643 424 726; x_wconf 73' lang='lat' dir='ltr'>Syria</span> <span class='ocrx_word' id='word_1_24' title='bbox 445 645 533 713; x_wconf 80' lang='lat' dir='ltr'>duxit</span> <span class='ocrx_word' id='word_1_25' title='bbox 555 644 703 712; x_wconf 79' lang='lat' dir='ltr'>Gabinius</span> <span class='ocrx_word' id='word_1_26' title='bbox 723 646 822 712; x_wconf 83' lang='lat' dir='ltr'>audax</span> 
     </span>
     <span class='ocr_line' id='line_1_5' title="bbox 103 758 776 853; baseline -0.004 -23"><span class='ocrx_word' id='word_1_27' title='bbox 103 763 213 835; x_wconf 76' lang='lat' dir='ltr'>Exulis</span> <span class='ocrx_word' id='word_1_28' title='bbox 231 762 346 833; x_wconf 70' lang='lat' dir='ltr'>euxino</span> <span class='ocrx_word' id='word_1_29' title='bbox 368 762 468 853; x_wconf 85' lang='lat' dir='ltr'>regis,</span> <span class='ocrx_word' id='word_1_30' title='bbox 491 760 632 851; x_wconf 66' lang='lat' dir='ltr'>belloque</span> <span class='ocrx_word' id='word_1_31' title='bbox 653 758 776 852; x_wconf 79' lang='lat' dir='ltr'>perafio</span> 
     </span>
     <span class='ocr_line' id='line_1_6' title="bbox 102 875 858 966; baseline -0.005 -20"><span class='ocrx_word' id='word_1_32' title='bbox 102 879 174 955; x_wconf 78' lang='lat' dir='ltr'>Pin</span> <span class='ocrx_word' id='word_1_33' title='bbox 192 878 345 953; x_wconf 77' lang='lat' dir='ltr'>satellitio</span> <span class='ocrx_word' id='word_1_34' title='bbox 367 877 481 947; x_wconf 80' lang='lat' dir='ltr'>Phario</span> <span class='ocrx_word' id='word_1_35' title='bbox 505 875 647 945; x_wconf 80' lang='lat' dir='ltr'>Romane</span> <span class='ocrx_word' id='word_1_36' title='bbox 668 877 812 966; x_wconf 88' lang='lat' dir='ltr'>reliquit.</span> <span class='ocrx_word' id='word_1_37' title='bbox 855 882 858 889; x_wconf 81' lang='grc'><em>’</em></span> 
     </span>
     <span class='ocr_line' id='line_1_7' title="bbox 103 990 940 1086; baseline -0.008 -26"><span class='ocrx_word' id='word_1_38' title='bbox 103 993 266 1086; x_wconf 78' lang='lat' dir='ltr'>Tempore</span> <span class='ocrx_word' id='word_1_39' title='bbox 290 1011 473 1083; x_wconf 79' lang='lat' dir='ltr'>torpuerant</span> <span class='ocrx_word' id='word_1_40' title='bbox 497 995 597 1077; x_wconf 84' lang='lat' dir='ltr'>vires,</span> <span class='ocrx_word' id='word_1_41' title='bbox 619 993 754 1083; x_wconf 86' lang='lat' dir='ltr'>luxuque</span> <span class='ocrx_word' id='word_1_42' title='bbox 776 990 901 1084; x_wconf 83' lang='lat' dir='ltr'>Canopi</span> <span class='ocrx_word' id='word_1_43' title='bbox 939 1050 940 1053; x_wconf 74' lang='grc'>,</span> 
     </span>
     <span class='ocr_line' id='line_1_8' title="bbox 12 1107 834 1202; baseline -0.009 -21"><span class='ocrx_word' id='word_1_44' title='bbox 12 1161 16 1169; x_wconf 54' lang='lat'><em>1</em></span> <span class='ocrx_word' id='word_1_45' title='bbox 103 1111 284 1202; x_wconf 88' lang='lat' dir='ltr'>Coeperunt</span> <span class='ocrx_word' id='word_1_46' title='bbox 305 1107 391 1179; x_wconf 71' lang='lat' dir='ltr'>frudi</span> <span class='ocrx_word' id='word_1_47' title='bbox 413 1125 536 1179; x_wconf 83' lang='lat' dir='ltr'>veteres</span> <span class='ocrx_word' id='word_1_48' title='bbox 560 1111 718 1177; x_wconf 83' lang='lat' dir='ltr'>dediscere</span> <span class='ocrx_word' id='word_1_49' title='bbox 740 1112 834 1191; x_wconf 84' lang='lat' dir='ltr'>ritus,</span> 
     </span>
     <span class='ocr_line' id='line_1_9' title="bbox 102 1225 935 1323; baseline -0.002 -29"><span class='ocrx_word' id='word_1_50' title='bbox 102 1226 215 1319; x_wconf 86' lang='lat' dir='ltr'>Atque</span> <span class='ocrx_word' id='word_1_51' title='bbox 237 1225 618 1323; x_wconf 28' lang='lat' dir='ltr'>AEgyptieeosnpeulatim</span> <span class='ocrx_word' id='word_1_52' title='bbox 640 1249 794 1293; x_wconf 73' lang='lat' dir='ltr'>assumere</span> <span class='ocrx_word' id='word_1_53' title='bbox 816 1248 935 1292; x_wconf 87' lang='lat' dir='ltr'>mores.</span> 
     </span>
    </p>

    <p class='ocr_par' dir='ltr' id='par_1_3' title="bbox 102 1341 1036 2831">
     <span class='ocr_line' id='line_1_10' title="bbox 163 1341 993 1436; baseline -0.002 -23"><span class='ocrx_word' id='word_1_54' title='bbox 163 1345 235 1413; x_wconf 90' lang='lat' dir='ltr'>Non</span> <span class='ocrx_word' id='word_1_55' title='bbox 249 1343 357 1433; x_wconf 81' lang='lat' dir='ltr'>procul</span> <span class='ocrx_word' id='word_1_56' title='bbox 380 1343 519 1419; x_wconf 67' lang='lat' dir='ltr'>oenotris</span> <span class='ocrx_word' id='word_1_57' title='bbox 532 1341 653 1436; x_wconf 80' lang='lat' dir='ltr'>fugiens</span> <span class='ocrx_word' id='word_1_58' title='bbox 674 1342 835 1435; x_wconf 78' lang='lat' dir='ltr'>conspexit</span> <span class='ocrx_word' id='word_1_59' title='bbox 857 1344 889 1409; x_wconf 90' lang='lat' dir='ltr'>iu</span> <span class='ocrx_word' id='word_1_60' title='bbox 907 1346 993 1411; x_wconf 84' lang='lat' dir='ltr'>undis</span> 
     </span>
     <span class='ocr_line' id='line_1_11' title="bbox 103 1455 1030 1551; baseline 0.001 -22"><span class='ocrx_word' id='word_1_61' title='bbox 103 1462 179 1529; x_wconf 86' lang='lat' dir='ltr'>Rex</span> <span class='ocrx_word' id='word_1_62' title='bbox 193 1461 284 1526; x_wconf 89' lang='lat' dir='ltr'>miser</span> <span class='ocrx_word' id='word_1_63' title='bbox 306 1459 384 1529; x_wconf 73' lang='lat' dir='ltr'>haud</span> <span class='ocrx_word' id='word_1_64' title='bbox 398 1476 512 1550; x_wconf 59' lang='lat' dir='ltr'>magno</span> <span class='ocrx_word' id='word_1_65' title='bbox 534 1460 723 1550; x_wconf 83' lang='lat' dir='ltr'>pendentem</span> <span class='ocrx_word' id='word_1_66' title='bbox 744 1455 851 1525; x_wconf 87' lang='lat' dir='ltr'>afune</span> <span class='ocrx_word' id='word_1_67' title='bbox 873 1463 1030 1551; x_wconf 75' lang='lat' dir='ltr'>carinaru3</span> 
     </span>
     <span class='ocr_line' id='line_1_12' title="bbox 103 1575 1036 1658; baseline -0.008 -13"><span class='ocrx_word' id='word_1_68' title='bbox 103 1579 149 1645; x_wconf 86' lang='lat' dir='ltr'>Et</span> <span class='ocrx_word' id='word_1_69' title='bbox 172 1578 235 1647; x_wconf 86' lang='lat' dir='ltr'>cito</span> <span class='ocrx_word' id='word_1_70' title='bbox 256 1578 482 1658; x_wconf 81' lang='lat' dir='ltr'>conscendens,</span> <span class='ocrx_word' id='word_1_71' title='bbox 503 1577 634 1642; x_wconf 82' lang='lat' dir='ltr'>comites</span> <span class='ocrx_word' id='word_1_72' title='bbox 653 1577 692 1642; x_wconf 86' lang='lat' dir='ltr'>de</span> <span class='ocrx_word' id='word_1_73' title='bbox 714 1576 807 1640; x_wconf 82' lang='lat' dir='ltr'>litore</span> <span class='ocrx_word' id='word_1_74' title='bbox 829 1575 916 1655; x_wconf 85' lang='lat' dir='ltr'>jussit</span> <span class='ocrx_word' id='word_1_75' title='bbox 935 1584 940 1639; x_wconf 79' lang='grc' dir='ltr'>ζ</span> <span class='ocrx_word' id='word_1_76' title='bbox 979 1584 982 1589; x_wconf 83' lang='lat'>&#39;</span> <span class='ocrx_word' id='word_1_77' title='bbox 1032 1604 1036 1611; x_wconf 90' lang='lat'>·</span> 
     </span>
     <span class='ocr_line' id='line_1_13' title="bbox 103 1690 1033 1782; baseline -0.004 -20"><span class='ocrx_word' id='word_1_78' title='bbox 103 1693 253 1775; x_wconf 84' lang='lat' dir='ltr'>Solvere,</span> <span class='ocrx_word' id='word_1_79' title='bbox 275 1715 446 1782; x_wconf 77' lang='lat' dir='ltr'>purpureos</span> <span class='ocrx_word' id='word_1_80' title='bbox 467 1692 600 1759; x_wconf 86' lang='lat' dir='ltr'>humeris</span> <span class='ocrx_word' id='word_1_81' title='bbox 621 1691 736 1773; x_wconf 77' lang='lat' dir='ltr'>dejecit</span> <span class='ocrx_word' id='word_1_82' title='bbox 757 1690 900 1773; x_wconf 70' lang='lat' dir='ltr'>amistus,</span> <span class='ocrx_word' id='word_1_83' title='bbox 988 1726 990 1731; x_wconf 89' lang='lat'><em>·</em></span> <span class='ocrx_word' id='word_1_84' title='bbox 1026 1695 1033 1758; x_wconf 71' lang='grc' dir='ltr'>ζ</span> 
     </span>
     <span class='ocr_line' id='line_1_14' title="bbox 103 1805 971 1899; baseline -0.01 -19"><span class='ocrx_word' id='word_1_85' title='bbox 103 1811 156 1880; x_wconf 85' lang='lat' dir='ltr'>Ne</span> <span class='ocrx_word' id='word_1_86' title='bbox 179 1811 260 1876; x_wconf 89' lang='lat' dir='ltr'>nosci</span> <span class='ocrx_word' id='word_1_87' title='bbox 282 1805 403 1899; x_wconf 83' lang='lat' dir='ltr'>fugiens</span> <span class='ocrx_word' id='word_1_88' title='bbox 422 1826 542 1899; x_wconf 82' lang='lat' dir='ltr'>posset.</span> <span class='ocrx_word' id='word_1_89' title='bbox 568 1807 630 1875; x_wconf 85' lang='lat' dir='ltr'>Sed</span> <span class='ocrx_word' id='word_1_90' title='bbox 650 1809 727 1875; x_wconf 85' lang='lat' dir='ltr'>dura</span> <span class='ocrx_word' id='word_1_91' title='bbox 751 1808 882 1875; x_wconf 80' lang='lat' dir='ltr'>salutem</span> <span class='ocrx_word' id='word_1_92' title='bbox 968 1864 971 1871; x_wconf 94' lang='lat'><em>.</em></span> 
     </span>
     <span class='ocr_line' id='line_1_15' title="bbox 103 1924 910 2018; baseline -0.01 -21"><span class='ocrx_word' id='word_1_93' title='bbox 103 1927 184 1997; x_wconf 78' lang='lat' dir='ltr'>Fata</span> <span class='ocrx_word' id='word_1_94' title='bbox 205 1942 344 2018; x_wconf 82' lang='lat' dir='ltr'>negaut3</span> <span class='ocrx_word' id='word_1_95' title='bbox 366 1926 476 1993; x_wconf 73' lang='lat' dir='ltr'>miseno</span> <span class='ocrx_word' id='word_1_96' title='bbox 498 1924 631 1993; x_wconf 76' lang='lat' dir='ltr'>detrefie</span> <span class='ocrx_word' id='word_1_97' title='bbox 655 1925 786 2016; x_wconf 86' lang='lat' dir='ltr'>insignio</span> <span class='ocrx_word' id='word_1_98' title='bbox 811 1924 910 1989; x_wconf 83' lang='lat' dir='ltr'>solum</span> 
     </span>
     <span class='ocr_line' id='line_1_16' title="bbox 103 2040 983 2127; baseline -0.001 -16"><span class='ocrx_word' id='word_1_99' title='bbox 103 2042 183 2111; x_wconf 76' lang='lat' dir='ltr'>Hoc</span> <span class='ocrx_word' id='word_1_100' title='bbox 196 2041 371 2112; x_wconf 83' lang='lat' dir='ltr'>Profemaee</span> <span class='ocrx_word' id='word_1_101' title='bbox 391 2043 503 2112; x_wconf 80' lang='lat' dir='ltr'>dabant</span> <span class='ocrx_word' id='word_1_102' title='bbox 515 2092 526 2127; x_wconf 90' lang='lat'>,</span> <span class='ocrx_word' id='word_1_103' title='bbox 550 2060 585 2110; x_wconf 93' lang='lat' dir='ltr'>ut</span> <span class='ocrx_word' id='word_1_104' title='bbox 609 2043 700 2108; x_wconf 87' lang='lat' dir='ltr'>vilior</span> <span class='ocrx_word' id='word_1_105' title='bbox 722 2040 827 2108; x_wconf 80' lang='lat' dir='ltr'>umbra</span> <span class='ocrx_word' id='word_1_106' title='bbox 851 2043 983 2123; x_wconf 82' lang='lat' dir='ltr'>jaceres.</span> 
     </span>
     <span class='ocr_line' id='line_1_17' title="bbox 103 2156 984 2250; baseline -0.005 -20"><span class='ocrx_word' id='word_1_107' title='bbox 103 2160 249 2249; x_wconf 83' lang='lat' dir='ltr'>Namque</span> <span class='ocrx_word' id='word_1_108' title='bbox 271 2160 348 2226; x_wconf 82' lang='lat' dir='ltr'>hanc</span> <span class='ocrx_word' id='word_1_109' title='bbox 371 2160 536 2228; x_wconf 68' lang='lat' dir='ltr'>decestris</span> <span class='ocrx_word' id='word_1_110' title='bbox 559 2156 722 2250; x_wconf 82' lang='lat' dir='ltr'>AEgyptin</span> <span class='ocrx_word' id='word_1_111' title='bbox 742 2158 827 2224; x_wconf 85' lang='lat' dir='ltr'>turba</span> <span class='ocrx_word' id='word_1_112' title='bbox 849 2161 984 2226; x_wconf 83' lang='lat' dir='ltr'>carinam</span> 
     </span>
     <span class='ocr_line' id='line_1_18' title="bbox 103 2273 1031 2367; baseline 0 -24"><span class='ocrx_word' id='word_1_113' title='bbox 103 2274 289 2365; x_wconf 76' lang='lat' dir='ltr'>Assequuur</span> <span class='ocrx_word' id='word_1_114' title='bbox 301 2273 440 2367; x_wconf 84' lang='lat' dir='ltr'>fugiens,</span> <span class='ocrx_word' id='word_1_115' title='bbox 462 2293 693 2367; x_wconf 81' lang='lat' dir='ltr'>properantque</span> <span class='ocrx_word' id='word_1_116' title='bbox 707 2275 874 2341; x_wconf 85' lang='lat' dir='ltr'>ascendere</span> <span class='ocrx_word' id='word_1_117' title='bbox 888 2276 1005 2343; x_wconf 73' lang='lat' dir='ltr'>cuncti.</span> <span class='ocrx_word' id='word_1_118' title='bbox 1028 2273 1031 2279; x_wconf 73' lang='grc'><strong>’</strong></span> 
     </span>
     <span class='ocr_line' id='line_1_19' title="bbox 102 2388 909 2485; baseline 0.001 -26"><span class='ocrx_word' id='word_1_119' title='bbox 102 2390 244 2464; x_wconf 84' lang='lat' dir='ltr'>Caesarei</span> <span class='ocrx_word' id='word_1_120' title='bbox 265 2394 413 2484; x_wconf 85' lang='lat' dir='ltr'>urgebant</span> <span class='ocrx_word' id='word_1_121' title='bbox 435 2393 528 2485; x_wconf 75' lang='lat' dir='ltr'>gladii</span> <span class='ocrx_word' id='word_1_122' title='bbox 550 2410 621 2482; x_wconf 88' lang='lat' dir='ltr'>post</span> <span class='ocrx_word' id='word_1_123' title='bbox 644 2409 753 2482; x_wconf 82' lang='lat' dir='ltr'>terga;</span> <span class='ocrx_word' id='word_1_124' title='bbox 774 2388 909 2483; x_wconf 83' lang='lat' dir='ltr'>fugasset</span> 
     </span>
     <span class='ocr_line' id='line_1_20' title="bbox 103 2507 906 2598; baseline 0.001 -23"><span class='ocrx_word' id='word_1_125' title='bbox 103 2508 173 2595; x_wconf 84' lang='lat' dir='ltr'>Jam</span> <span class='ocrx_word' id='word_1_126' title='bbox 197 2509 291 2576; x_wconf 86' lang='lat' dir='ltr'>timor</span> <span class='ocrx_word' id='word_1_127' title='bbox 314 2507 464 2596; x_wconf 78' lang='lat' dir='ltr'>offieium3</span> <span class='ocrx_word' id='word_1_128' title='bbox 487 2509 601 2598; x_wconf 78' lang='lat' dir='ltr'>pauidis</span> <span class='ocrx_word' id='word_1_129' title='bbox 623 2508 906 2583; x_wconf 37' lang='lat' dir='ltr'>revermtia&lt;,nulfu</span> 
     </span>
     <span class='ocr_line' id='line_1_21' title="bbox 103 2622 950 2720; baseline -0.006 -29"><span class='ocrx_word' id='word_1_130' title='bbox 103 2624 207 2717; x_wconf 87' lang='lat' dir='ltr'>Regis</span> <span class='ocrx_word' id='word_1_131' title='bbox 229 2642 317 2707; x_wconf 85' lang='lat' dir='ltr'>erat,</span> <span class='ocrx_word' id='word_1_132' title='bbox 338 2626 432 2720; x_wconf 75' lang='lat' dir='ltr'>ulnsio</span> <span class='ocrx_word' id='word_1_133' title='bbox 453 2627 527 2694; x_wconf 83' lang='lat' dir='ltr'>dum</span> <span class='ocrx_word' id='word_1_134' title='bbox 549 2625 688 2715; x_wconf 86' lang='lat' dir='ltr'>pondere</span> <span class='ocrx_word' id='word_1_135' title='bbox 707 2623 782 2690; x_wconf 69' lang='lat' dir='ltr'>vidia</span> <span class='ocrx_word' id='word_1_136' title='bbox 802 2622 924 2719; x_wconf 67' lang='lat' dir='ltr'>carine.</span> <span class='ocrx_word' id='word_1_137' title='bbox 948 2682 950 2686; x_wconf 87' lang='lat'>.</span> 
     </span>
     <span class='ocr_line' id='line_1_22' title="bbox 103 2714 948 2831; baseline 0 -24"><span class='ocrx_word' id='word_1_138' title='bbox 103 2740 244 2823; x_wconf 85' lang='lat' dir='ltr'>Deficit,</span> <span class='ocrx_word' id='word_1_139' title='bbox 266 2740 300 2807; x_wconf 61' lang='grc' dir='ltr'>ὃς</span> <span class='ocrx_word' id='word_1_140' title='bbox 324 2741 436 2831; x_wconf 83' lang='lat' dir='ltr'>rapidis</span> <span class='ocrx_word' id='word_1_141' title='bbox 457 2740 645 2808; x_wconf 87' lang='lat' dir='ltr'>Ptolemaeus</span> <span class='ocrx_word' id='word_1_142' title='bbox 667 2740 822 2831; x_wconf 90' lang='lat' dir='ltr'>mergitur</span> <span class='ocrx_word' id='word_1_143' title='bbox 844 2714 948 2808; x_wconf 77' lang='lat' dir='ltr'>undis,</span> 
     </span>
    </p>

    <p class='ocr_par' dir='ltr' id='par_1_4' title="bbox 103 2855 986 3417">
     <span class='ocr_line' id='line_1_23' title="bbox 164 2855 913 2949; baseline -0.004 -26"><span class='ocrx_word' id='word_1_144' title='bbox 164 2855 291 2939; x_wconf 82' lang='lat' dir='ltr'>Plebejo</span> <span class='ocrx_word' id='word_1_145' title='bbox 312 2857 461 2925; x_wconf 79' lang='lat' dir='ltr'>extinfius</span> <span class='ocrx_word' id='word_1_146' title='bbox 483 2855 567 2939; x_wconf 80' lang='lat' dir='ltr'>fato,</span> <span class='ocrx_word' id='word_1_147' title='bbox 590 2856 754 2949; x_wconf 90' lang='lat' dir='ltr'>gelidoque</span> <span class='ocrx_word' id='word_1_148' title='bbox 776 2856 913 2944; x_wconf 89' lang='lat' dir='ltr'>sepultus</span> 
     </span>
     <span class='ocr_line' id='line_1_24' title="bbox 104 2970 955 3065; baseline -0.004 -26"><span class='ocrx_word' id='word_1_149' title='bbox 104 2972 196 3056; x_wconf 84' lang='lat' dir='ltr'>Rex,</span> <span class='ocrx_word' id='word_1_150' title='bbox 220 2970 386 3065; x_wconf 88' lang='lat' dir='ltr'>AEgypte,</span> <span class='ocrx_word' id='word_1_151' title='bbox 409 2992 478 3041; x_wconf 90' lang='lat' dir='ltr'>tuus</span> <span class='ocrx_word' id='word_1_152' title='bbox 500 2974 584 3052; x_wconf 61' lang='lat' dir='ltr'>Nilo⁴</span> <span class='ocrx_word' id='word_1_153' title='bbox 595 2977 698 3062; x_wconf 74' lang='lat' dir='ltr'>juset,</span> <span class='ocrx_word' id='word_1_154' title='bbox 723 2972 831 3037; x_wconf 79' lang='lat' dir='ltr'>ultima</span> <span class='ocrx_word' id='word_1_155' title='bbox 857 2989 955 3037; x_wconf 83' lang='lat' dir='ltr'>tantae</span> 
     </span>
     <span class='ocr_line' id='line_1_25' title="bbox 104 3086 914 3156; baseline -0.004 0"><span class='ocrx_word' id='word_1_156' title='bbox 104 3089 149 3156; x_wconf 90' lang='lat' dir='ltr'>Et</span> <span class='ocrx_word' id='word_1_157' title='bbox 173 3090 342 3156; x_wconf 81' lang='lat' dir='ltr'>miseranda</span> <span class='ocrx_word' id='word_1_158' title='bbox 366 3090 471 3156; x_wconf 87' lang='lat' dir='ltr'>domus</span> <span class='ocrx_word' id='word_1_159' title='bbox 494 3090 627 3156; x_wconf 87' lang='lat' dir='ltr'>soboles.</span> <span class='ocrx_word' id='word_1_160' title='bbox 651 3086 721 3155; x_wconf 90' lang='lat' dir='ltr'>Non</span> <span class='ocrx_word' id='word_1_161' title='bbox 744 3086 914 3153; x_wconf 82' lang='lat' dir='ltr'>Mausoleis</span> 
     </span>
     <span class='ocr_line' id='line_1_26' title="bbox 103 3202 914 3295; baseline -0.006 -23"><span class='ocrx_word' id='word_1_162' title='bbox 103 3204 244 3273; x_wconf 81' lang='lat' dir='ltr'>Excelsis</span> <span class='ocrx_word' id='word_1_163' title='bbox 267 3206 403 3272; x_wconf 83' lang='lat' dir='ltr'>habitant</span> <span class='ocrx_word' id='word_1_164' title='bbox 426 3206 562 3288; x_wconf 82' lang='lat' dir='ltr'>Manes,</span> <span class='ocrx_word' id='word_1_165' title='bbox 583 3217 647 3270; x_wconf 71' lang='lat' dir='ltr'>&#39;non</span> <span class='ocrx_word' id='word_1_166' title='bbox 665 3202 767 3295; x_wconf 84' lang='lat' dir='ltr'>Regia</span> <span class='ocrx_word' id='word_1_167' title='bbox 790 3204 914 3294; x_wconf 87' lang='lat' dir='ltr'>templis</span> 
     </span>
     <span class='ocr_line' id='line_1_27' title="bbox 104 3319 986 3417; baseline -0.007 -27"><span class='ocrx_word' id='word_1_168' title='bbox 104 3321 263 3416; x_wconf 76' lang='lat' dir='ltr'>Condita,</span> <span class='ocrx_word' id='word_1_169' title='bbox 285 3323 462 3417; x_wconf 78' lang='lat' dir='ltr'>marmoreis</span> <span class='ocrx_word' id='word_1_170' title='bbox 487 3339 542 3388; x_wconf 84' lang='lat' dir='ltr'>aut</span> <span class='ocrx_word' id='word_1_171' title='bbox 565 3319 718 3387; x_wconf 89' lang='lat' dir='ltr'>montibus</span> <span class='ocrx_word' id='word_1_172' title='bbox 740 3340 805 3385; x_wconf 84' lang='lat' dir='ltr'>ossa</span> <span class='ocrx_word' id='word_1_173' title='bbox 826 3321 986 3408; x_wconf 86' lang='lat' dir='ltr'>quiescunt</span> 
     </span>
    </p>

    <p class='ocr_par' dir='ltr' id='par_1_5' title="bbox 43 3434 970 3536">
     <span class='ocr_line' id='line_1_28' title="bbox 43 3434 970 3536; baseline -0.003 -31"><span class='ocrx_word' id='word_1_174' title='bbox 43 3502 45 3505; x_wconf 77' lang='grc'>,</span> <span class='ocrx_word' id='word_1_175' title='bbox 104 3436 233 3530; x_wconf 85' lang='lat' dir='ltr'>Lugaeae</span> <span class='ocrx_word' id='word_1_176' title='bbox 255 3438 293 3505; x_wconf 91' lang='lat' dir='ltr'>de</span> <span class='ocrx_word' id='word_1_177' title='bbox 318 3462 402 3506; x_wconf 86' lang='lat' dir='ltr'>more</span> <span class='ocrx_word' id='word_1_178' title='bbox 424 3440 550 3520; x_wconf 85' lang='lat' dir='ltr'>domus,</span> <span class='ocrx_word' id='word_1_179' title='bbox 572 3457 642 3528; x_wconf 73' lang='lat' dir='ltr'>quse</span> <span class='ocrx_word' id='word_1_180' title='bbox 664 3434 771 3502; x_wconf 82' lang='lat' dir='ltr'>funera</span> <span class='ocrx_word' id='word_1_181' title='bbox 794 3437 884 3520; x_wconf 84' lang='lat' dir='ltr'>luxu,</span> <span class='ocrx_word' id='word_1_182' title='bbox 968 3531 970 3536; x_wconf 68' lang='lat'>,</span> 
     </span>
    </p>
   </div>
   <div class='ocr_carea' id='block_1_3' title="bbox 641 3548 742 3626">
    <p class='ocr_par' dir='ltr' id='par_1_6' title="bbox 641 3548 742 3626">
     <span class='ocr_line' id='line_1_29' title="bbox 641 3548 742 3626; baseline 0 -8"><span class='ocrx_word' id='word_1_183' title='bbox 641 3548 742 3626; x_wconf 83' lang='lat' dir='ltr'>Aa4</span> 
     </span>
    </p>
   </div>
   <div class='ocr_carea' id='block_1_4' title="bbox 1150 2004 1161 2050">
    <p class='ocr_par' dir='ltr' id='par_1_7' title="bbox 1150 2004 1161 2050">
     <span class='ocr_line' id='line_1_30' title="bbox 1150 2004 1161 2050; baseline 0 0"><span class='ocrx_word' id='word_1_184' title='bbox 1150 2004 1161 2050; x_wconf 73' lang='lat' dir='ltr'>i</span> 
     </span>
    </p>
   </div>
   <div class='ocr_carea' id='block_1_5' title="bbox 0 0 1253 4100">
    <p class='ocr_par' dir='ltr' id='par_1_8' title="bbox 0 0 1253 4100">
     <span class='ocr_line' id='line_1_31' title="bbox 0 0 1253 4100; baseline 0 0"><span class='ocrx_word' id='word_1_185' title='bbox 0 0 1253 4100; x_wconf 95' lang='lat' dir='ltr'> </span> 
     </span>
    </p>
   </div>
  </div>
 </body>
</html>
