2492 4100
310 277 543 362 LUCANI.
573 283 670 352 LIB.
694 280 718 351 1.
739 277 745 284 ’
918 289 977 367 '367

54 430 191 506 Indulsit
214 431 340 498 nimium
362 429 467 500 faciles
489 431 609 499 telluris
629 435 743 523 opimae
963 435 968 466 ²

53 550 218 619 Fertilitas
243 545 348 639 fruges
369 550 503 639 populo,
525 550 714 639 nimiumque
736 549 877 640 pepercit
972 576 975 592 ¹

54 665 220 758 Agricolae
241 664 393 746 manibus,
416 666 496 731 tanti
518 664 630 747 jatlura
651 664 762 732 laboris

60 780 119 851 Ut
144 780 210 847 fieri
233 797 355 870 posset3
376 782 473 846 moles
495 799 531 848 ut
553 782 664 873 vulgus
685 783 807 865 inanes,

56 898 214 986 Vanaque
227 875 423 976 Pyramidum
447 897 571 965 muscia
593 914 783 988 stupesceret
798 899 907 965 Orbis.

58 1011 130 1081 Tot
151 1029 281 1103 potuere
303 1033 408 1080 manus
428 1014 547 1081 steriles
567 1014 725 1084 invertere
746 1016 866 1106 glebas,

60 1129 239 1197 Emendare
260 1128 377 1209 solum,
401 1132 495 1195 muris
516 1131 704 1198 circumdare
724 1146 840 1215 terras,

60 1247 106 1315 Et
130 1262 219 1311 tanto
239 1244 395 1310 imbellem
417 1248 586 1314 munimine
606 1248 732 1338 cingere
755 1264 902 1339 gentem,

61 1361 117 1432 Ut
139 1385 201 1428 uon
222 1361 375 1427 incursum
396 1363 502 1451 populi
524 1346 680 1429 timuisset
696 1362 774 1444 Eoi,

63 1478 137 1548 Non
161 1476 324 1543 Persarum
347 1478 446 1560 acies,
467 1478 706 1570 pharmrataque
728 1480 836 1546 robora
851 1480 953 1567 Susae3

64 1595 133 1664 Nec
157 1592 330 1660 Macedem
352 1609 458 1658 aeratae
478 1597 614 1659 cessisset
636 1594 739 1682 praeda
752 1587 898 1687 Phalangi

65 1710 190 1779 Fertilis
206 1705 388 1800 AEgyptus3
409 1710 460 1776 sed
483 1709 726 1800 inexpugnabilis
747 1711 856 1792 annis,

66 1823 180 1916 Atque
200 1825 245 1890 sui
267 1826 341 1905 juris
362 1824 478 1902 seclum
500 1826 657 1894 mansisset
678 1826 710 1912 in
731 1845 838 1893 omne.

124 1940 275 2012 Volvitur
297 1963 315 2007 a
337 1940 484 2031 Memphi
504 1943 622 2032 partito
644 1941 768 2034 gurgite
791 1941 901 2024 Nilus,

66 2060 277 2147 Extremoque
297 2056 416 2124 Eurum
440 2082 541 2127 versus
562 2056 636 2125 serit
660 2080 783 2149 aequora
804 2082 900 2126 cornu

66 2171 122 2243 Ad
145 2173 318 2241 Pelusiacas
339 2196 423 2240 arces
430 2199 441 2262 3
465 2193 498 2243 at
521 2176 648 2268 gurgite
669 2175 788 2257 mollis,

67 2291 175 2358 Alluit
196 2290 322 2357 occiduo
343 2289 415 2356 litus
439 2310 623 2382 portumque
645 2288 783 2382 Canopi.

67 2407 158 2473 Huic
181 2407 267 2474 dedit
290 2407 449 2495 antiquum
472 2408 615 2476 Menelai
636 2407 749 2477 Navita
770 2428 902 2488 nomen,

67 2523 183 2590 Litore
203 2523 250 2610 (ri
272 2518 361 2589 firme
382 2525 509 2611 credas)
531 2528 699 2591 tumulatus
720 2528 752 2590 in
773 2524 852 2606 isto,

68 2639 157 2708 Cum
178 2636 283 2705 Pharii
304 2642 399 2721 justus
421 2641 522 2707 tenuit
544 2641 714 2708 diademata
737 2641 826 2730 regni

68 2753 220 2826 Proteus.
242 2753 365 2846 Eripuit
385 2754 486 2822 Paridi
507 2758 687 2824 castissimus
704 2757 762 2852 ille

71 2868 263 2952 Tindarida‚
286 2870 321 2938 dt
337 2873 423 2938 nullo
445 2873 582 2959 vitiatam
607 2870 736 2940 crimine
757 2892 878 2937 servans

70 2986 147 3054 Post
165 2981 295 3069 Trojam
320 2988 451 3055 excisam
472 2986 557 3055 ferro
579 2989 767 3078 flammisque
787 2986 901 3053 marito
989 2996 993 3009 ’

71 3102 241 3171 Reddidit.
263 3101 462 3170 Haectellus
482 3104 566 3170 inter
588 3106 650 3171 duo
670 3104 796 3172 flumina
811 3102 909 3170 Delta
922 3117 970 3169 est

70 3218 170 3286 Diues
191 3241 302 3309 opum,
324 3220 409 3287 dives
429 3240 596 3309 pecorum,
619 3219 761 3309 laetisque
781 3220 924 3286 colonum

71 3333 223 3427 Frugibus
244 3351 424 3417 exaturans,
447 3352 541 3427 atque
557 3336 677 3403 urbibus
699 3336 817 3415 inclyte
832 3333 967 3427 maguis.

73 3448 157 3543 Quid
174 3452 310 3534 Butam,
333 3453 446 3523 Butive
466 3454 588 3538 lacum,
610 3452 841 3546 quingentibus
860 3450 937 3522 olim
