2492 4100
214 225 254 299 38
445 200 520 276 ‘ru
548 189 903 289 iniussum

250 351 299 405 bus
316 348 403 411 edito,
419 348 538 401 Pretoret
555 342 664 415 genibus
680 341 756 397 affusi
775 344 880 399 renim
892 338 1048 412 suppliciter
1063 344 1154 416 abipso

249 423 435 493 deposcebant·
453 423 541 475 Cesar
560 417 667 472 tandem
689 417 734 470 rix
752 415 790 470 ita
808 420 890 485 posita
908 416 957 471 hoe
964 420 1113 483 concessit,
1129 434 1155 473 ut

250 499 274 550 c
292 496 430 552 dumtaxat
448 501 473 547 ir
488 495 538 546 XX
547 490 681 545 seditionis
699 488 826 559 principes
844 490 876 543 ab
892 488 1013 545 omnibus
1032 492 1158 561 eligeren-

173 620 177 629 ,
249 586 312 633 tur,
327 577 353 625 ur
370 570 426 626 x11
446 583 478 620 ex
497 564 538 619 his
556 583 572 620 a
588 568 692 619 ceteris
717 563 802 617 reledi
826 562 951 635 supplicio
975 561 1156 620 afficerentur.

251 648 363 714 Appian.
384 665 396 698 r
416 640 448 694 de
467 638 535 692 bello
552 641 604 693 cin.

285 713 412 771 Decimis
430 750 439 768 .
457 744 466 763 .
485 750 494 765 .
511 710 625 767 cestris·
644 711 740 765 Decem
758 709 856 764 dientm
875 709 1032 766 itinerffins.

287 785 450 844 Montibus·
467 785 606 855 Gargani,
623 785 668 850 qui
686 799 761 837 mons
777 799 818 838 est
835 784 952 853 Apulia,
979 785 1044 840 hinc
1064 788 1159 840 Austro

249 881 265 916 e
281 861 418 922 Calabria,
434 858 494 912 inde
501 861 585 911 Boreae
603 873 618 910 e
636 855 767 911 Dalmatia
785 857 859 912 flami
876 858 1032 928 expositum
1051 860 1161 913 cuisub-

249 937 338 1001 iacens
355 932 557 1004 promontorium
577 931 604 985 in
623 946 694 983 mare
712 928 893 986 Hadriaticum
911 930 1088 991 extenditur.

285 1014 380 1082 Toga.
398 1008 468 1060 Pacis
486 1002 584 1059 audori
601 1003 698 1057 Curari
714 1002 768 1066 jam
787 1017 890 1073 togato.

288 1086 400 1136 suom
418 1073 548 1134 Diiiator
566 1084 614 1131 otc·
639 1079 728 1141 Neque
745 1079 856 1140 Senatu,
878 1091 924 1132 aut
941 1077 1064 1134 Consule
1089 1078 1161 1134 illum

249 1154 395 1224 deligente,
412 1153 523 1218 seipsum
543 1149 705 1203 vitiatorem
724 1148 870 1203 nominauit
889 1155 992 1207 Cesar:
1021 1153 1159 1209 undecima

249 1227 342 1282 deinde
360 1226 402 1280 die
419 1224 561 1281 uitiatur·
578 1238 605 1277 se
623 1220 769 1284 abdicavit,
786 1238 922 1294 postquam
939 1241 968 1279 se
985 1232 1011 1280 dt
1031 1227 1063 1281 P.
1077 1229 1160 1282 Serui.

251 1300 316 1355 lium
333 1301 408 1354 Coss.
425 1310 554 1350 creasset.

285 1368 398 1428 olatiis
416 1375 464 1424 irc·
484 1370 670 1437 Imperatorum
688 1366 834 1437 insignibus
859 1370 975 1440 insignia
992 1370 1159 1427 Consulum.

285 1442 381 1517 Fingit
400 1449 448 1497 bre.
473 1442 634 1512 Imaginatio
658 1441 776 1508 quedam
801 1442 974 1497 comitiorum
999 1443 1030 1497 in
1058 1449 1159 1513 Campo

248 1516 360 1572 babetur
378 1519 490 1583 speciest
516 1521 632 1570 citantur
648 1530 664 1566 a
682 1528 796 1579 praecone
823 1515 923 1577 tribus,
948 1533 1042 1585 neque
1068 1534 1157 1573 tamen

248 1591 420 1658 conveniunt,
436 1602 483 1645 aut
499 1588 673 1642 admittuntur
689 1586 721 1639 ad
738 1587 858 1643 distiuda
875 1587 1018 1660 suffragiu
1038 1609 1098 1662 quae
1105 1597 1158 1647 cz-

249 1681 292 1719 rat
309 1662 417 1717 omnino
434 1662 556 1717 sustulit.

213 1739 274 1807 Pag·
296 1752 343 1795 rrr
367 1730 462 1791 Haud
476 1733 603 1790 muitum
620 1739 669 1787 tec·
688 1732 829 1805 Indignum
846 1735 942 1801 saeris,
959 1737 1108 1807 quial-atii
1127 1736 1154 1789 li·

250 1810 374 1862 bertatern
393 1822 448 1862 non
468 1806 635 1860 defenderat.

286 1880 412 1937 Minoia·
433 1881 648 1945 Aetnensibus,
662 1879 1022 1952 quibusMinosimpetavit‚
1038 1883 1151 1938 condita.

209 1962 274 2027 Pap·
296 1970 343 2014 rra
363 1950 449 2011 Flexa
465 1984 475 2003 ο
492 1986 501 2002 .
520 1990 528 2010 .
547 1968 644 2008 cornu.
664 1952 801 2024 obliquato
820 1958 848 2009 in
867 1954 1063 2027 longitudinem
1082 1957 1153 2012 natis
1243 1990 1244 1999 κ

250 2026 330 2086 velo.

284 2106 368 2159 Lm
382 2097 464 2176 pede.
482 2099 559 2155 Pedes
578 2100 678 2169 proprie
696 2116 758 2156 sunt
776 2101 851 2157 fimes
863 2099 1156 2175 adangulosvelotum.

287 2180 355 2232 Non
374 2174 448 2230 naht
466 2183 516 2228 ὰς.
536 2175 606 2228 Adeo
623 2190 766 2242 posuerant
783 2179 875 2240 venti,
893 2192 924 2231 ut
937 2195 1022 2247 aura,
1038 2180 1158 2249 quaepri·

250 2264 326 2306 nrum
346 2265 440 2316 puppes
457 2247 617 2315 impulerat,
635 2249 725 2301 iisdem
744 2247 838 2302 lentior
856 2252 983 2304 evaserit.

284 2329 351 2379 Non
368 2317 468 2376 bonne
484 2320 577 2375 tremit
595 2328 643 2373 etc.
663 2320 710 2371 Sed
727 2322 795 2384 jacet
813 2324 922 2376 immota
946 2325 1042 2387 unda,
1067 2340 1099 2379 ut
1124 2341 1155 2377 ne

247 2398 312 2453 solis
330 2395 432 2464 quidem
452 2394 592 2463 imaginem
612 2394 665 2446 hue
683 2393 744 2446 illuc
761 2397 890 2463 agitatam
911 2413 941 2449 ac
959 2398 1105 2453 tremulam
1124 2401 1151 2450 in

247 2485 373 2539 aquatum
392 2467 523 2534 superficie
541 2467 639 2520 vibret·
659 2464 730 2522 Solis
748 2464 893 2539 imaginem
912 2469 959 2521 boc
978 2467 1037 2523 loco
1050 2473 1154 2523 Lunam

247 2541 388 2611 intelligit,
405 2559 463 2610 qun
482 2542 563 2593 lucem
581 2547 654 2592 suam
673 2558 690 2595 a
708 2539 766 2593 Sole
785 2541 893 2610 accipite
920 2542 1067 2614 navigabat
1085 2545 1155 2595 euim

254 2617 345 2675 noue,
362 2628 391 2667 ut
406 2613 479 2667 inodo
497 2613 591 2667 didutn
609 2628 667 2665 est.

210 2691 272 2758 Pag.
295 2703 342 2748 rrr
363 2683 488 2742 classes.
507 2686 670 2753 Pompeiana
688 2685 803 2757 remigiis
820 2694 845 2742 nt
869 2690 1007 2745 celeritate
1031 2702 1154 2758 prestan-

249 2777 341 2817 tiores.

283 2828 437 2909 Naufragii
454 2840 502 2887 otc.
521 2833 573 2885 Prae
591 2848 661 2887 seva
680 2831 723 2887 lla
740 2833 923 2903 tranquillitate
932 2836 1013 2890 maris
1022 2834 1066 2889 nel
1073 2835 1151 2904 ipsius

246 2906 374 2977 naufrtgii
392 2905 529 2972 periculum
547 2904 658 2957 libenter
676 2907 828 2960 subiissent.
1053 2958 1057 2964 ,

283 2977 432 3053 Mouilque
450 2987 498 3036 otc.
526 2977 628 3032 Moneri
654 2979 824 3046 videbantur,
851 2997 931 3052 quum
957 2998 1043 3038 naves
1069 2980 1153 3042 ventis

281 3055 426 3108 ltarentur.

246 3071 378 3181 &Prima
395 3122 475 3183 duces
493 3135 540 3182 &n
557 3131 644 3180 Cesar
661 3125 693 3182 ad
717 3130 781 3181 flur·
807 3127 905 3197 Apsum
930 3144 1019 3186 castra
1045 3128 1150 3200 posuit,

245 3200 381 3268 Pompeius
398 3214 471 3255 trans
490 3206 601 3254 flumen.

281 3278 390 3328 Caussa
407 3280 454 3326 otc.
471 3275 565 3334 Palus,
581 3290 640 3342 quae
666 3273 760 3329 leniter
783 3289 811 3328 te
834 3272 863 3327 in
881 3278 980 3348 Apsum
1004 3288 1149 3342 exonerat,

244 3344 415 3415 navigabilem
433 3345 508 3401 illum
526 3346 622 3400 efficit.

210 3414 272 3483 Pflss·
292 3433 343 3482 ιη
362 3414 490 3489 aalide.
508 3419 667 3487 Brundusi,
684 3435 745 3475 cum
763 3422 895 3477 Antonio.
1084 3433 1096 3464 0
